<?xml version="1.0" encoding="UTF-8" ?>
<collection xmlns="http://www.loc.gov/MARC21/slim">
    <record>
        <leader>00981nam a22002658a 4500</leader>
        <controlfield tag="008">930503s1993    mau      b    000 0 eng  </controlfield>
        <datafield ind1=" " ind2="" tag="010">
            <subfield code="a">   93024717</subfield>
        </datafield>
        <datafield ind1=" " ind2="" tag="020">
            <subfield code="a">0943575753 (pbk.) :</subfield>
            <subfield code="c">$9.95</subfield>
        </datafield>
        <datafield ind1=" " ind2="" tag="040">
            <subfield code="a">DLC</subfield>
            <subfield code="c">DLC</subfield>
        </datafield>
        <datafield ind1="0" ind2="0" tag="050">
            <subfield code="a">BS2805.3</subfield>
            <subfield code="b">.J646 1993</subfield>
        </datafield>
        <datafield ind1="0" ind2="0" tag="082">
            <subfield code="a">227/.94077</subfield>
            <subfield code="2">20</subfield>
        </datafield>
        <datafield ind1="1" ind2=" " tag="100">
            <subfield code="a">Johnson, Thomas Floyd.</subfield>
        </datafield>
        <datafield ind1="1" ind2="0" tag="245">
            <subfield code="a">1, 2, and 3 John /</subfield>
            <subfield code="c">Thomas F. Johnson.</subfield>
        </datafield>
        <datafield ind1=" " ind2="" tag="260">
            <subfield code="a">Peabody, Mass. :</subfield>
            <subfield code="b">Hendrickson Publishers,</subfield>
            <subfield code="c">c1993.</subfield>
        </datafield>
        <datafield ind1=" " ind2="" tag="300">
            <subfield code="a">xv, 208 p. ;</subfield>
            <subfield code="c">22 cm.</subfield>
        </datafield>
        <datafield ind1=" " ind2="0" tag="440">
            <subfield code="a">New International biblical commentary ;</subfield>
            <subfield code="v">17</subfield>
        </datafield>
        <datafield ind1=" " ind2="" tag="504">
            <subfield code="a">Includes bibliographical references.</subfield>
        </datafield>
        <datafield ind1="0" ind2="0" tag="630">
            <subfield code="a">Bible.</subfield>
            <subfield code="p">N.T.</subfield>
            <subfield code="p">Epistles of John</subfield>
            <subfield code="v">Commentaries.</subfield>
        </datafield>
        <datafield ind1="0" ind2="2" tag="730">
            <subfield code="a">Bible.</subfield>
            <subfield code="p">N.T.</subfield>
            <subfield code="p">Epistles of John.</subfield>
            <subfield code="l">English.</subfield>
            <subfield code="s">New International.</subfield>
            <subfield code="f">1993.</subfield>
        </datafield>
        <datafield ind1="0" ind2="1" tag="740">
            <subfield code="a">First, Second, and Third John.</subfield>
        </datafield>
        <datafield ind1=" " ind2="" tag="035">
            <subfield code="a">(TxDaGIAL)37741100010456</subfield>
        </datafield>
        <controlfield tag="005">20080624154315.0</controlfield>
        <controlfield tag="001">100</controlfield>
        <controlfield tag="003">TxDaGIAL</controlfield>
        <datafield ind1=" " ind2="" tag="852">
            <subfield code="p">37741100010456</subfield>
            <subfield code="a">Library</subfield>
            <subfield code="9">$8.66</subfield>
            <subfield code="x">FUND:AL-Tran</subfield>
            <subfield code="x">COPYID:100</subfield>
            <subfield code="x">FSC@aRegular@c19960401</subfield>
            <subfield code="h">227.94077 J69 1993</subfield>
            <subfield code="z">B/T 2-96</subfield>
        </datafield>
    </record>