
    <record>
        <leader>00994cam a2200265 a 4500</leader>
        <controlfield tag="008">950612s1995    tnu      b    001 0 eng  </controlfield>
        <datafield ind1=" " ind2="" tag="010">
            <subfield code="a">   95023281</subfield>
        </datafield>
        <datafield ind1=" " ind2="" tag="020">
            <subfield code="a">0805401334 (hardbound)</subfield>
        </datafield>
        <datafield ind1=" " ind2="" tag="040">
            <subfield code="a">DLC</subfield>
            <subfield code="c">DLC</subfield>
            <subfield code="d">DLC</subfield>
        </datafield>
        <datafield ind1="0" ind2="0" tag="050">
            <subfield code="a">BS2725.3</subfield>
            <subfield code="b">.M364 1995</subfield>
        </datafield>
        <datafield ind1="0" ind2="0" tag="082">
            <subfield code="a">227/.8107</subfield>
            <subfield code="2">20</subfield>
        </datafield>
        <datafield ind1="1" ind2=" " tag="100">
            <subfield code="a">Martin, D. Michael,</subfield>
            <subfield code="d">1952-</subfield>
        </datafield>
        <datafield ind1="1" ind2="0" tag="245">
            <subfield code="a">1, 2 Thessalonians /</subfield>
            <subfield code="c">D. Michael Martin.</subfield>
        </datafield>
        <datafield ind1="3" ind2=" " tag="246">
            <subfield code="a">First, Second Thessalonians</subfield>
        </datafield>
        <datafield ind1=" " ind2="" tag="260">
            <subfield code="a">[Nashville, Tenn.] :</subfield>
            <subfield code="b">Broadman &amp; Holman,</subfield>
            <subfield code="c">c1995.</subfield>
        </datafield>
        <datafield ind1=" " ind2="" tag="300">
            <subfield code="a">313 p. :</subfield>
            <subfield code="b">maps ;</subfield>
            <subfield code="c">24 cm.</subfield>
        </datafield>
        <datafield ind1=" " ind2="4" tag="440">
            <subfield code="a">The New American commentary ;</subfield>
            <subfield code="v">v. 33</subfield>
        </datafield>
        <datafield ind1=" " ind2="" tag="500">
            <subfield code="a">"An exegetical and theological exposition of Holy Scripture"--Half t.p.</subfield>
        </datafield>
        <datafield ind1=" " ind2="" tag="504">
            <subfield code="a">Includes bibliographical references and indexes.</subfield>
        </datafield>
        <datafield ind1="0" ind2="0" tag="630">
            <subfield code="a">Bible.</subfield>
            <subfield code="p">N.T.</subfield>
            <subfield code="p">Thessalonians</subfield>
            <subfield code="v">Commentaries.</subfield>
        </datafield>
        <datafield ind1=" " ind2="" tag="035">
            <subfield code="a">(TxDaGIAL)37741100014827</subfield>
        </datafield>
        <controlfield tag="005">20080624154316.0</controlfield>
        <controlfield tag="001">101</controlfield>
        <controlfield tag="003">TxDaGIAL</controlfield>
        <datafield ind1=" " ind2="" tag="852">
            <subfield code="p">37741100014827</subfield>
            <subfield code="a">Library</subfield>
            <subfield code="9">$26.09</subfield>
            <subfield code="x">FUND:AL-Tran</subfield>
            <subfield code="x">COPYID:101</subfield>
            <subfield code="x">FSC@aRegular@c19970129</subfield>
            <subfield code="h">227.81077 M382 1995</subfield>
            <subfield code="z">B/T 1-97</subfield>
        </datafield>
    </record>