
    <record>
        <leader>00999cam a2200277 i 4500</leader>
        <controlfield tag="008">800129r1980    miu      b    00110 eng  </controlfield>
        <datafield ind1=" " ind2="" tag="010">
            <subfield code="a">   80010644 //r842</subfield>
        </datafield>
        <datafield ind1=" " ind2="" tag="020">
            <subfield code="a">0802818390</subfield>
        </datafield>
        <datafield ind1=" " ind2="" tag="040">
            <subfield code="a">DLC</subfield>
            <subfield code="c">DLC</subfield>
            <subfield code="d">TxDaGIAL</subfield>
        </datafield>
        <datafield ind1="0" ind2=" " tag="050">
            <subfield code="a">BS2675.3</subfield>
            <subfield code="b">.B78 1980</subfield>
        </datafield>
        <datafield ind1=" " ind2="" tag="082">
            <subfield code="a">227/.2077</subfield>
        </datafield>
        <datafield ind1="1" ind2="0" tag="100">
            <subfield code="a">Bruce, F. F.</subfield>
            <subfield code="q">(Frederick Fyvie),</subfield>
            <subfield code="d">1910-</subfield>
        </datafield>
        <datafield ind1="1" ind2="0" tag="245">
            <subfield code="a">1 and 2 Corinthians /</subfield>
            <subfield code="c">edited by F. F. Bruce.</subfield>
        </datafield>
        <datafield ind1="0" ind2=" " tag="260">
            <subfield code="a">Grand Rapids, Mich. :</subfield>
            <subfield code="b">Eerdmans,</subfield>
            <subfield code="c">[1980] c1971.</subfield>
        </datafield>
        <datafield ind1=" " ind2="" tag="300">
            <subfield code="a">262 p. ;</subfield>
            <subfield code="c">22 cm.</subfield>
        </datafield>
        <datafield ind1=" " ind2="0" tag="440">
            <subfield code="a">New century Bible commentary</subfield>
        </datafield>
        <datafield ind1=" " ind2="" tag="500">
            <subfield code="a">"Based on the Revised Standard Version."</subfield>
        </datafield>
        <datafield ind1=" " ind2="" tag="500">
            <subfield code="a">Reprint of the ed. published by Marshall, Morgan &amp; Scott, London.</subfield>
        </datafield>
        <datafield ind1=" " ind2="" tag="504">
            <subfield code="a">Bibliography: p. 15-16.</subfield>
        </datafield>
        <datafield ind1=" " ind2="" tag="500">
            <subfield code="a">Includes indexes.</subfield>
        </datafield>
        <datafield ind1="0" ind2="0" tag="630">
            <subfield code="a">Bible.</subfield>
            <subfield code="p">N.T.</subfield>
            <subfield code="p">Corinthians</subfield>
            <subfield code="v">Commentaries.</subfield>
        </datafield>
        <datafield ind1=" " ind2="" tag="035">
            <subfield code="a">(TxDaGIAL)37741100010204</subfield>
        </datafield>
        <controlfield tag="005">20080624154317.0</controlfield>
        <controlfield tag="001">102</controlfield>
        <controlfield tag="003">TxDaGIAL</controlfield>
        <datafield ind1=" " ind2="" tag="852">
            <subfield code="p">37741100010204</subfield>
            <subfield code="a">Library</subfield>
            <subfield code="b">John Beekman Tran Li</subfield>
            <subfield code="x">COPYID:102</subfield>
            <subfield code="x">FSC@aRegular@c19951214</subfield>
            <subfield code="h">227.2077 B886 1980</subfield>
            <subfield code="z">7509</subfield>
        </datafield>
    </record>