
    <record>
        <leader>01021cam a2200277 a 4500</leader>
        <controlfield tag="008">950306s1993    ilua     b    000 0 eng  </controlfield>
        <datafield ind1=" " ind2="" tag="010">
            <subfield code="a">   93003484 //r95</subfield>
        </datafield>
        <datafield ind1=" " ind2="" tag="020">
            <subfield code="a">0877842590 (pbk.) :</subfield>
            <subfield code="c">$10.99</subfield>
        </datafield>
        <datafield ind1=" " ind2="" tag="040">
            <subfield code="a">DLC</subfield>
            <subfield code="c">DLC</subfield>
            <subfield code="d">DLC</subfield>
        </datafield>
        <datafield ind1="0" ind2="0" tag="050">
            <subfield code="a">BS1335.3</subfield>
            <subfield code="b">.W574 1993</subfield>
        </datafield>
        <datafield ind1="0" ind2="0" tag="082">
            <subfield code="a">222/.507</subfield>
            <subfield code="2">20</subfield>
        </datafield>
        <datafield ind1="1" ind2=" " tag="100">
            <subfield code="a">Wiseman, D. J.</subfield>
            <subfield code="q">(Donald John)</subfield>
        </datafield>
        <datafield ind1="1" ind2="0" tag="245">
            <subfield code="a">1 and 2 Kings :</subfield>
            <subfield code="b">an introduction and commentary /</subfield>
            <subfield code="c">by Donald J. Wiseman.</subfield>
        </datafield>
        <datafield ind1=" " ind2="" tag="260">
            <subfield code="a">Leicester, England ;</subfield>
            <subfield code="a">Downers Grove, Ill., U.S.A. :</subfield>
            <subfield code="b">InterVarsity Press,</subfield>
            <subfield code="c">c1993.</subfield>
        </datafield>
        <datafield ind1=" " ind2="" tag="300">
            <subfield code="a">318 p. :</subfield>
            <subfield code="b">ill., map ;</subfield>
            <subfield code="c">19 cm.</subfield>
        </datafield>
        <datafield ind1=" " ind2="0" tag="440">
            <subfield code="a">Tyndale Old Testament commentaries ;</subfield>
            <subfield code="v">9</subfield>
        </datafield>
        <datafield ind1=" " ind2="" tag="500">
            <subfield code="a">Cover title: 1 &amp; 2 Kings.</subfield>
        </datafield>
        <datafield ind1=" " ind2="" tag="504">
            <subfield code="a">Includes bibliographical references.</subfield>
        </datafield>
        <datafield ind1="0" ind2="0" tag="630">
            <subfield code="a">Bible.</subfield>
            <subfield code="p">O.T.</subfield>
            <subfield code="p">Kings</subfield>
            <subfield code="v">Commentaries.</subfield>
        </datafield>
        <datafield ind1="0" ind2="1" tag="740">
            <subfield code="a">First and Second Kings.</subfield>
        </datafield>
        <datafield ind1="0" ind2="1" tag="740">
            <subfield code="a">1 &amp; 2 Kings.</subfield>
        </datafield>
        <datafield ind1=" " ind2="" tag="035">
            <subfield code="a">(TxDaGIAL)37741100005407</subfield>
        </datafield>
        <controlfield tag="005">20080624154317.0</controlfield>
        <controlfield tag="001">103</controlfield>
        <controlfield tag="003">TxDaGIAL</controlfield>
        <datafield ind1=" " ind2="" tag="852">
            <subfield code="p">37741100005407</subfield>
            <subfield code="a">Library</subfield>
            <subfield code="9">$9.56</subfield>
            <subfield code="x">COPYID:103</subfield>
            <subfield code="x">FSC@aRegular@c19950701</subfield>
            <subfield code="h">222.507 W814 1993</subfield>
            <subfield code="z">B/T 6-95</subfield>
        </datafield>
    </record>