
    <record>
        <leader>00864pam a2200265 a 4500</leader>
        <controlfield tag="008">830422s1983    cau      b    00110 eng  </controlfield>
        <datafield ind1=" " ind2="" tag="010">
            <subfield code="a">   82048409</subfield>
        </datafield>
        <datafield ind1=" " ind2="" tag="020">
            <subfield code="a">006066455X (pbk.) :</subfield>
            <subfield code="c">$6.95</subfield>
        </datafield>
        <datafield ind1=" " ind2="" tag="040">
            <subfield code="a">DLC</subfield>
            <subfield code="c">DLC</subfield>
            <subfield code="d">DLC</subfield>
        </datafield>
        <datafield ind1="0" ind2=" " tag="050">
            <subfield code="a">BS2725.3</subfield>
            <subfield code="b">.P34 1983</subfield>
        </datafield>
        <datafield ind1="0" ind2=" " tag="082">
            <subfield code="a">227/.8207/7</subfield>
            <subfield code="2">19</subfield>
        </datafield>
        <datafield ind1="1" ind2="0" tag="100">
            <subfield code="a">Palmer, Earl F.</subfield>
        </datafield>
        <datafield ind1="1" ind2="0" tag="245">
            <subfield code="a">1 and 2 Thessalonians /</subfield>
            <subfield code="c">Earl F. Palmer.</subfield>
        </datafield>
        <datafield ind1=" " ind2="" tag="250">
            <subfield code="a">1st ed.</subfield>
        </datafield>
        <datafield ind1="0" ind2=" " tag="260">
            <subfield code="a">San Francisco :</subfield>
            <subfield code="b">Harper &amp; Row,</subfield>
            <subfield code="c">c1983.</subfield>
        </datafield>
        <datafield ind1=" " ind2="" tag="300">
            <subfield code="a">xx, 88 p. :</subfield>
            <subfield code="b">map ;</subfield>
            <subfield code="c">21 cm.</subfield>
        </datafield>
        <datafield ind1=" " ind2="2" tag="440">
            <subfield code="a">A Good news commentary</subfield>
        </datafield>
        <datafield ind1=" " ind2="" tag="504">
            <subfield code="a">Bibliography: p. 81-84.</subfield>
        </datafield>
        <datafield ind1=" " ind2="" tag="500">
            <subfield code="a">Includes indexes.</subfield>
        </datafield>
        <datafield ind1="0" ind2="0" tag="630">
            <subfield code="a">Bible.</subfield>
            <subfield code="p">N.T.</subfield>
            <subfield code="p">Thessalonians</subfield>
            <subfield code="v">Commentaries.</subfield>
        </datafield>
        <datafield ind1=" " ind2="" tag="035">
            <subfield code="a">(TxDaGIAL)37741100002217</subfield>
        </datafield>
        <controlfield tag="005">20080624154317.0</controlfield>
        <controlfield tag="001">104</controlfield>
        <controlfield tag="003">TxDaGIAL</controlfield>
        <datafield ind1=" " ind2="" tag="852">
            <subfield code="p">37741100002217</subfield>
            <subfield code="a">Library</subfield>
            <subfield code="b">John Beekman Tran Li</subfield>
            <subfield code="x">COPYID:104</subfield>
            <subfield code="x">FSC@aRegular@c19950310</subfield>
            <subfield code="h">227.81077 P173f 1983</subfield>
            <subfield code="z">9813</subfield>
        </datafield>
    </record>