
    <record>
        <leader>00975cam a2200241 a 4500</leader>
        <controlfield tag="008">820201m19829999txua     b    001 0 eng  </controlfield>
        <datafield ind1=" " ind2="" tag="020">
            <subfield code="a">0849902444 (v. 45)</subfield>
        </datafield>
        <datafield ind1=" " ind2="" tag="040">
            <subfield code="a">DLC</subfield>
            <subfield code="c">DLC</subfield>
            <subfield code="d">DLC</subfield>
            <subfield code="d">TxDaGIAL</subfield>
        </datafield>
        <datafield ind1="1" ind2=" " tag="100">
            <subfield code="a">Bruce, F. F.</subfield>
            <subfield code="q">(Frederick Fyvie),</subfield>
            <subfield code="d">1910-</subfield>
        </datafield>
        <datafield ind1="1" ind2="0" tag="245">
            <subfield code="a">1 and 2 Thessalonians /</subfield>
            <subfield code="c">F. F. Bruce.</subfield>
        </datafield>
        <datafield ind1="0" ind2=" " tag="260">
            <subfield code="a">Waco, Tex. :</subfield>
            <subfield code="b">Word Books,</subfield>
            <subfield code="c">c1982.</subfield>
        </datafield>
        <datafield ind1=" " ind2="" tag="300">
            <subfield code="a">xlvii, 228 p. ;</subfield>
            <subfield code="c">24 cm.</subfield>
        </datafield>
        <datafield ind1=" " ind2="0" tag="440">
            <subfield code="a">Word biblical commentary ;</subfield>
            <subfield code="v">v. 45</subfield>
        </datafield>
        <datafield ind1=" " ind2="" tag="504">
            <subfield code="a">Includes bibliographies and indexes.</subfield>
        </datafield>
        <datafield ind1="0" ind2="0" tag="630">
            <subfield code="a">Bible.</subfield>
            <subfield code="p">N.T.</subfield>
            <subfield code="p">Thessalonians</subfield>
            <subfield code="v">Commentaries.</subfield>
        </datafield>
        <datafield ind1="0" ind2="1" tag="740">
            <subfield code="a">First and second Thessalonians.</subfield>
        </datafield>
        <datafield ind1="0" ind2="1" tag="740">
            <subfield code="a">One and two Thessalonians.</subfield>
        </datafield>
        <datafield ind1=" " ind2="" tag="035">
            <subfield code="a">(TxDaGIAL)37741100023400</subfield>
        </datafield>
        <controlfield tag="005">20080624154317.0</controlfield>
        <controlfield tag="001">105</controlfield>
        <controlfield tag="003">TxDaGIAL</controlfield>
        <datafield ind1=" " ind2="" tag="852">
            <subfield code="p">37741100023400</subfield>
            <subfield code="a">Library</subfield>
            <subfield code="b">John Beekman Tran Li</subfield>
            <subfield code="x">COPYID:105</subfield>
            <subfield code="x">FSC@aRegular@c19991101</subfield>
            <subfield code="h">227.81077 B886f 1982</subfield>
            <subfield code="z">9512</subfield>
        </datafield>
        <datafield ind1=" " ind2="" tag="852">
            <subfield code="p">37741100002986</subfield>
            <subfield code="a">Library</subfield>
            <subfield code="b">John Beekman Tran Li</subfield>
            <subfield code="x">COPYID:106</subfield>
            <subfield code="x">FSC@aRegular@c19991101</subfield>
            <subfield code="h">227.81077 B886f 1982</subfield>
            <subfield code="z">TWP 2-94 gift</subfield>
        </datafield>
    </record>