
    <record>
        <leader>00744nam a2200217Ii 4500</leader>
        <controlfield tag="008">800226s1979    deu      b    000 0 eng u</controlfield>
        <datafield ind1=" " ind2="" tag="010">
            <subfield code="a">   79053889</subfield>
        </datafield>
        <datafield ind1=" " ind2="" tag="020">
            <subfield code="a">0894531395</subfield>
        </datafield>
        <datafield ind1=" " ind2="" tag="040">
            <subfield code="c">MOF</subfield>
            <subfield code="d">OCL</subfield>
            <subfield code="d">m.c.</subfield>
            <subfield code="d">m/c</subfield>
            <subfield code="d">NDD</subfield>
        </datafield>
        <datafield ind1="1" ind2=" " tag="100">
            <subfield code="a">Reese, James M.</subfield>
        </datafield>
        <datafield ind1="1" ind2="0" tag="245">
            <subfield code="a">1 and 2 Thessalonians /</subfield>
            <subfield code="c">James M. Reese.</subfield>
        </datafield>
        <datafield ind1=" " ind2="" tag="260">
            <subfield code="a">Wilmington, Delaware :</subfield>
            <subfield code="b">M. Glazier,</subfield>
            <subfield code="c">1979.</subfield>
        </datafield>
        <datafield ind1=" " ind2="" tag="300">
            <subfield code="a">xvi, 113 p. ;</subfield>
            <subfield code="c">21 cm.</subfield>
        </datafield>
        <datafield ind1=" " ind2="0" tag="440">
            <subfield code="a">New Testament message ;</subfield>
            <subfield code="v">v. 16</subfield>
        </datafield>
        <datafield ind1=" " ind2="" tag="504">
            <subfield code="a">"Reading list" : p. 110-113.</subfield>
        </datafield>
        <datafield ind1="0" ind2="0" tag="630">
            <subfield code="a">Bible.</subfield>
            <subfield code="p">N.T.</subfield>
            <subfield code="p">Thessalonians</subfield>
            <subfield code="v">Commentaries.</subfield>
        </datafield>
        <datafield ind1=" " ind2="" tag="035">
            <subfield code="a">(TxDaGIAL)37741100018583</subfield>
        </datafield>
        <controlfield tag="005">20080624154317.0</controlfield>
        <controlfield tag="001">106</controlfield>
        <controlfield tag="003">TxDaGIAL</controlfield>
        <datafield ind1=" " ind2="" tag="852">
            <subfield code="p">37741100018583</subfield>
            <subfield code="a">Library</subfield>
            <subfield code="b">John Beekman Tran Li</subfield>
            <subfield code="x">COPYID:107</subfield>
            <subfield code="x">FSC@aRegular@c19970701</subfield>
            <subfield code="h">227.81077 R329 1979</subfield>
            <subfield code="z">7556</subfield>
        </datafield>
    </record>