
    <record>
        <leader>01025cam a2200277 a 4500</leader>
        <controlfield tag="008">950104s1994    enk      b    000 0 eng  </controlfield>
        <datafield ind1=" " ind2="" tag="010">
            <subfield code="a">   94026382</subfield>
        </datafield>
        <datafield ind1=" " ind2="" tag="020">
            <subfield code="a">0877842604 (pbk.) :</subfield>
            <subfield code="c">$11.99</subfield>
        </datafield>
        <datafield ind1=" " ind2="" tag="040">
            <subfield code="a">DLC</subfield>
            <subfield code="c">DLC</subfield>
            <subfield code="d">DLC</subfield>
        </datafield>
        <datafield ind1="0" ind2="0" tag="050">
            <subfield code="a">BS1345.3</subfield>
            <subfield code="b">.S45 1994</subfield>
        </datafield>
        <datafield ind1=" " ind2="" tag="069">
            <subfield code="a">00413938</subfield>
        </datafield>
        <datafield ind1="0" ind2="0" tag="082">
            <subfield code="a">222/.6307</subfield>
            <subfield code="2">20</subfield>
        </datafield>
        <datafield ind1="1" ind2=" " tag="100">
            <subfield code="a">Selman, Martin J.,</subfield>
            <subfield code="d">1947-</subfield>
        </datafield>
        <datafield ind1="1" ind2="0" tag="245">
            <subfield code="a">1 Chronicles :</subfield>
            <subfield code="b">an introduction and commentary /</subfield>
            <subfield code="c">by Martin J. Selman.</subfield>
        </datafield>
        <datafield ind1=" " ind2="" tag="260">
            <subfield code="a">Leicester, England ;</subfield>
            <subfield code="a">Downers Grove, Ill. :</subfield>
            <subfield code="b">Inter-Varsity Press,</subfield>
            <subfield code="c">c1994.</subfield>
        </datafield>
        <datafield ind1=" " ind2="" tag="300">
            <subfield code="a">263 p. ;</subfield>
            <subfield code="c">18 cm.</subfield>
        </datafield>
        <datafield ind1=" " ind2="4" tag="440">
            <subfield code="a">The Tyndale Old Testament commentaries ;</subfield>
            <subfield code="v">10a</subfield>
        </datafield>
        <datafield ind1=" " ind2="" tag="500">
            <subfield code="a">Continued by the author's 2 Chronicles.</subfield>
        </datafield>
        <datafield ind1=" " ind2="" tag="504">
            <subfield code="a">Includes bibliographical references.</subfield>
        </datafield>
        <datafield ind1="0" ind2="0" tag="630">
            <subfield code="a">Bible.</subfield>
            <subfield code="p">O.T.</subfield>
            <subfield code="p">Chronicles, 1st</subfield>
            <subfield code="v">Commentaries.</subfield>
        </datafield>
        <datafield ind1="0" ind2="1" tag="740">
            <subfield code="a">First Chronicles.</subfield>
        </datafield>
        <datafield ind1=" " ind2="" tag="035">
            <subfield code="a">(TxDaGIAL)37741100012690</subfield>
        </datafield>
        <controlfield tag="005">20080624154318.0</controlfield>
        <controlfield tag="001">108</controlfield>
        <controlfield tag="003">TxDaGIAL</controlfield>
        <datafield ind1=" " ind2="" tag="852">
            <subfield code="p">37741100012690</subfield>
            <subfield code="a">Library</subfield>
            <subfield code="9">$10.43</subfield>
            <subfield code="x">FUND:AL-Tran</subfield>
            <subfield code="x">COPYID:109</subfield>
            <subfield code="x">FSC@aRegular@c19960725</subfield>
            <subfield code="h">222.6307 S468 1994</subfield>
            <subfield code="z">B/T 7-96</subfield>
        </datafield>
    </record>