
    <record>
        <leader>00843nam a22002538a 4500</leader>
        <controlfield tag="008">910325r19791979mnu      b    00010 eng  </controlfield>
        <datafield ind1=" " ind2="" tag="010">
            <subfield code="a">79-53891</subfield>
        </datafield>
        <datafield ind1=" " ind2="" tag="020">
            <subfield code="a">0894531336</subfield>
        </datafield>
        <datafield ind1=" " ind2="" tag="040">
            <subfield code="a">DLC</subfield>
            <subfield code="c">DLC</subfield>
            <subfield code="d">TxDaGIAL</subfield>
        </datafield>
        <datafield ind1="0" ind2="0" tag="050">
            <subfield code="a">BS2675.3</subfield>
            <subfield code="b">.M87</subfield>
        </datafield>
        <datafield ind1="0" ind2="0" tag="082">
            <subfield code="a">227/.2077</subfield>
        </datafield>
        <datafield ind1="1" ind2="0" tag="100">
            <subfield code="a">Murphy-O'Connor, J.</subfield>
            <subfield code="q">(Jerome),</subfield>
            <subfield code="d">1935-</subfield>
        </datafield>
        <datafield ind1="1" ind2="0" tag="245">
            <subfield code="a">1 Corinthians /</subfield>
            <subfield code="c">Jerome Murphy-O'Connor.</subfield>
        </datafield>
        <datafield ind1="0" ind2=" " tag="260">
            <subfield code="a">Wilmington, Del. :</subfield>
            <subfield code="b">Michael Glazier,</subfield>
            <subfield code="c">c1979.</subfield>
        </datafield>
        <datafield ind1=" " ind2="" tag="300">
            <subfield code="a">161 p. ;</subfield>
            <subfield code="c">21 cm.</subfield>
        </datafield>
        <datafield ind1=" " ind2="" tag="504">
            <subfield code="a">Bibliography: p. 161.</subfield>
        </datafield>
        <datafield ind1="0" ind2="0" tag="630">
            <subfield code="a">Bible.</subfield>
            <subfield code="p">N.T.</subfield>
            <subfield code="p">Corinthians, 1st</subfield>
            <subfield code="v">Commentaries.</subfield>
        </datafield>
        <datafield ind1="0" ind2="1" tag="740">
            <subfield code="a">First Corinthians.</subfield>
        </datafield>
        <datafield ind1=" " ind2="0" tag="830">
            <subfield code="a">New Testament message ;</subfield>
            <subfield code="v">v. 10.</subfield>
        </datafield>
        <datafield ind1=" " ind2="" tag="035">
            <subfield code="a">(TxDaGIAL)37741100002169</subfield>
        </datafield>
        <controlfield tag="005">20080624154318.0</controlfield>
        <controlfield tag="001">109</controlfield>
        <controlfield tag="003">TxDaGIAL</controlfield>
        <datafield ind1=" " ind2="" tag="852">
            <subfield code="p">37741100002169</subfield>
            <subfield code="a">Library</subfield>
            <subfield code="b">John Beekman Tran Li</subfield>
            <subfield code="x">COPYID:110</subfield>
            <subfield code="x">FSC@aRegular@c19950309</subfield>
            <subfield code="h">227.2077 M978f 1979</subfield>
            <subfield code="z">7512</subfield>
        </datafield>
    </record>