
    <record>
        <leader>01203cam a2200313 a 4500</leader>
        <controlfield tag="008">820401r19821971miu      b    00110 eng  </controlfield>
        <datafield ind1=" " ind2="" tag="010">
            <subfield code="a">   82005129 //r93</subfield>
        </datafield>
        <datafield ind1=" " ind2="" tag="020">
            <subfield code="a">0802819095 (pbk.)</subfield>
        </datafield>
        <datafield ind1=" " ind2="" tag="040">
            <subfield code="a">DLC</subfield>
            <subfield code="c">DLC</subfield>
            <subfield code="d">DLC</subfield>
        </datafield>
        <datafield ind1="1" ind2="0" tag="050">
            <subfield code="a">BS2795.3</subfield>
            <subfield code="b">.B47 1982</subfield>
        </datafield>
        <datafield ind1="0" ind2="0" tag="082">
            <subfield code="a">227/.92077</subfield>
            <subfield code="2">19</subfield>
        </datafield>
        <datafield ind1="1" ind2="0" tag="100">
            <subfield code="a">Best, Ernest.</subfield>
        </datafield>
        <datafield ind1="1" ind2="0" tag="245">
            <subfield code="a">1 Peter /</subfield>
            <subfield code="c">Ernest Best.</subfield>
        </datafield>
        <datafield ind1="0" ind2=" " tag="260">
            <subfield code="a">Grand Rapids :</subfield>
            <subfield code="b">Eerdmans ;</subfield>
            <subfield code="a">London :</subfield>
            <subfield code="b">Marshall, Morgan &amp; Scott,</subfield>
            <subfield code="c">1982, c1971.</subfield>
        </datafield>
        <datafield ind1=" " ind2="" tag="300">
            <subfield code="a">188 p. :</subfield>
            <subfield code="b">map ;</subfield>
            <subfield code="c">22 cm.</subfield>
        </datafield>
        <datafield ind1="1" ind2=" " tag="490">
            <subfield code="a">New century Bible commentary</subfield>
        </datafield>
        <datafield ind1=" " ind2="" tag="500">
            <subfield code="a">"Based on the Revised Standard Version."</subfield>
        </datafield>
        <datafield ind1=" " ind2="" tag="500">
            <subfield code="a">Reprint. Originally published: London : Oliphants, 1971. (New century Bible)</subfield>
        </datafield>
        <datafield ind1=" " ind2="" tag="504">
            <subfield code="a">Bibliography: p. 10.</subfield>
        </datafield>
        <datafield ind1=" " ind2="" tag="500">
            <subfield code="a">Includes index.</subfield>
        </datafield>
        <datafield ind1="0" ind2="0" tag="630">
            <subfield code="a">Bible.</subfield>
            <subfield code="p">N.T.</subfield>
            <subfield code="p">Peter, 1st</subfield>
            <subfield code="v">Commentaries.</subfield>
        </datafield>
        <datafield ind1="0" ind2="1" tag="740">
            <subfield code="a">First Peter.</subfield>
        </datafield>
        <datafield ind1=" " ind2="0" tag="830">
            <subfield code="a">New century Bible.</subfield>
        </datafield>
        <datafield ind1=" " ind2="" tag="035">
            <subfield code="a">(TxDaGIAL)37741100010215</subfield>
        </datafield>
        <controlfield tag="005">20080624154318.0</controlfield>
        <controlfield tag="001">110</controlfield>
        <controlfield tag="003">TxDaGIAL</controlfield>
        <datafield ind1=" " ind2="" tag="852">
            <subfield code="p">37741100010215</subfield>
            <subfield code="a">Library</subfield>
            <subfield code="b">John Beekman Tran Li</subfield>
            <subfield code="x">COPYID:111</subfield>
            <subfield code="x">FSC@aRegular@c19951214</subfield>
            <subfield code="h">227.92077 B561 1982</subfield>
            <subfield code="z">13088</subfield>
        </datafield>
        <datafield ind1=" " ind2="" tag="852">
            <subfield code="p">37741100022756</subfield>
            <subfield code="a">Library</subfield>
            <subfield code="9">$0.00</subfield>
            <subfield code="x">COPYID:112</subfield>
            <subfield code="x">FSC@aRegular@c19981215</subfield>
            <subfield code="h">227.92077 B561 1982</subfield>
            <subfield code="z">Gift SIL-Translation Dept. 10-98</subfield>
        </datafield>
    </record>