
    <record>
        <leader>00906nam a2200265 i 4500</leader>
        <controlfield tag="008">950802s1983    txu           001 0 eng d</controlfield>
        <datafield ind1=" " ind2="" tag="020">
            <subfield code="a">0849902096 :</subfield>
            <subfield code="c">$22.99</subfield>
        </datafield>
        <datafield ind1=" " ind2="" tag="040">
            <subfield code="d">TxDaGIAL</subfield>
        </datafield>
        <datafield ind1="1" ind2=" " tag="041">
            <subfield code="a">engheb</subfield>
        </datafield>
        <datafield ind1="1" ind2=" " tag="100">
            <subfield code="a">Klein, Ralph W.</subfield>
        </datafield>
        <datafield ind1="1" ind2="0" tag="245">
            <subfield code="a">1 Samuel /</subfield>
            <subfield code="c">Ralph W. Klein.</subfield>
        </datafield>
        <datafield ind1=" " ind2="" tag="260">
            <subfield code="a">Waco, Tex. :</subfield>
            <subfield code="b">Word Books,</subfield>
            <subfield code="c">c1983.</subfield>
        </datafield>
        <datafield ind1=" " ind2="" tag="300">
            <subfield code="a">xxxiii, 307 p. ;</subfield>
            <subfield code="c">24 cm.</subfield>
        </datafield>
        <datafield ind1=" " ind2="0" tag="440">
            <subfield code="a">Word biblical commentary ;</subfield>
            <subfield code="v">v. 10</subfield>
        </datafield>
        <datafield ind1=" " ind2="" tag="500">
            <subfield code="a">Includes the author's translation of 1 Samuel.</subfield>
        </datafield>
        <datafield ind1=" " ind2="" tag="504">
            <subfield code="a">Includes bibliographies and indexes.</subfield>
        </datafield>
        <datafield ind1="0" ind2="0" tag="630">
            <subfield code="a">Bible.</subfield>
            <subfield code="p">O.T.</subfield>
            <subfield code="p">Samuel, 1st</subfield>
            <subfield code="v">Commentaries.</subfield>
        </datafield>
        <datafield ind1="0" ind2="1" tag="730">
            <subfield code="a">Bible.</subfield>
            <subfield code="p">O.T.</subfield>
            <subfield code="p">Samuel, 1st.</subfield>
            <subfield code="l">English.</subfield>
            <subfield code="s">Klein.</subfield>
            <subfield code="f">1983.</subfield>
        </datafield>
        <datafield ind1="0" ind2="1" tag="740">
            <subfield code="a">First Samuel.</subfield>
        </datafield>
        <datafield ind1="0" ind2="1" tag="740">
            <subfield code="a">One Samuel.</subfield>
        </datafield>
        <datafield ind1=" " ind2="" tag="035">
            <subfield code="a">(TxDaGIAL)37741100006154</subfield>
        </datafield>
        <controlfield tag="005">20080624154319.0</controlfield>
        <controlfield tag="001">111</controlfield>
        <controlfield tag="003">TxDaGIAL</controlfield>
        <datafield ind1=" " ind2="" tag="852">
            <subfield code="p">37741100006154</subfield>
            <subfield code="a">Library</subfield>
            <subfield code="9">$20.90</subfield>
            <subfield code="x">COPYID:113</subfield>
            <subfield code="x">FSC@aRegular@c19950802</subfield>
            <subfield code="h">222.43077 K64s 1983</subfield>
            <subfield code="z">dir CBD 7-95</subfield>
        </datafield>
    </record>