
    <record>
        <leader>00777cam a2200229 i 4500</leader>
        <controlfield tag="008">800102s1980    nyu           00110 eng  </controlfield>
        <datafield ind1=" " ind2="" tag="010">
            <subfield code="a">   79027525 //r85</subfield>
        </datafield>
        <datafield ind1=" " ind2="" tag="020">
            <subfield code="a">0195027426</subfield>
        </datafield>
        <datafield ind1="0" ind2=" " tag="050">
            <subfield code="a">PE1128.A2</subfield>
            <subfield code="b">M253</subfield>
        </datafield>
        <datafield ind1=" " ind2="" tag="082">
            <subfield code="a">407</subfield>
        </datafield>
        <datafield ind1="1" ind2="0" tag="100">
            <subfield code="a">McCallum, George P.</subfield>
        </datafield>
        <datafield ind1="1" ind2="0" tag="245">
            <subfield code="a">101 word games for students of English as a second or foreign language /</subfield>
            <subfield code="c">George P. McCallum.</subfield>
        </datafield>
        <datafield ind1="0" ind2=" " tag="260">
            <subfield code="a">New York :</subfield>
            <subfield code="b">Oxford University Press,</subfield>
            <subfield code="c">1980.</subfield>
        </datafield>
        <datafield ind1=" " ind2="" tag="300">
            <subfield code="a">xiv, 162 p. ;</subfield>
            <subfield code="c">21 cm.</subfield>
        </datafield>
        <datafield ind1=" " ind2="" tag="500">
            <subfield code="a">Includes index.</subfield>
        </datafield>
        <datafield ind1=" " ind2="0" tag="650">
            <subfield code="a">English language</subfield>
            <subfield code="x">Study and teaching</subfield>
            <subfield code="x">Foreign speakers.</subfield>
        </datafield>
        <datafield ind1=" " ind2="0" tag="650">
            <subfield code="a">Word games.</subfield>
        </datafield>
        <datafield ind1=" " ind2="" tag="035">
            <subfield code="a">(TxDaGIAL)37741100006510</subfield>
        </datafield>
        <controlfield tag="005">20080624154319.0</controlfield>
        <controlfield tag="001">112</controlfield>
        <controlfield tag="003">TxDaGIAL</controlfield>
        <datafield ind1=" " ind2="" tag="852">
            <subfield code="p">37741100006510</subfield>
            <subfield code="a">Library</subfield>
            <subfield code="x">COPYID:114</subfield>
            <subfield code="x">FSC@aRegular@c19950807</subfield>
            <subfield code="h">428.007 M112 1980</subfield>
            <subfield code="z">12527</subfield>
        </datafield>
    </record>