
    <record>
        <leader>00982cam a2200265 a 4500</leader>
        <controlfield tag="008">950501s1996    maua     b    001 0 eng  </controlfield>
        <datafield ind1=" " ind2="" tag="010">
            <subfield code="a">   95018933</subfield>
        </datafield>
        <datafield ind1=" " ind2="" tag="020">
            <subfield code="a">0205165664 (cloth)</subfield>
        </datafield>
        <datafield ind1=" " ind2="" tag="020">
            <subfield code="a">0205165672 (pbk.)</subfield>
        </datafield>
        <datafield ind1=" " ind2="" tag="040">
            <subfield code="a">DLC</subfield>
            <subfield code="c">DLC</subfield>
            <subfield code="d">DLC</subfield>
        </datafield>
        <datafield ind1="0" ind2="0" tag="050">
            <subfield code="a">LB1065</subfield>
            <subfield code="b">.R316 1996</subfield>
        </datafield>
        <datafield ind1="0" ind2="0" tag="082">
            <subfield code="a">370.15/4</subfield>
            <subfield code="2">20</subfield>
        </datafield>
        <datafield ind1="1" ind2=" " tag="100">
            <subfield code="a">Raffini, James P.,</subfield>
            <subfield code="d">1941-</subfield>
        </datafield>
        <datafield ind1="1" ind2="0" tag="245">
            <subfield code="a">150 ways to increase intrinsic motivation in the classroom /</subfield>
            <subfield code="c">James P. Raffini.</subfield>
        </datafield>
        <datafield ind1="3" ind2=" " tag="246">
            <subfield code="a">One hundred fifty ways to increase intrinsic motivation in the classroom</subfield>
        </datafield>
        <datafield ind1=" " ind2="" tag="260">
            <subfield code="a">Boston :</subfield>
            <subfield code="b">Allyn and Bacon,</subfield>
            <subfield code="c">c1996.</subfield>
        </datafield>
        <datafield ind1=" " ind2="" tag="300">
            <subfield code="a">x, 288 p. :</subfield>
            <subfield code="b">ill. ;</subfield>
            <subfield code="c">25 cm.</subfield>
        </datafield>
        <datafield ind1=" " ind2="" tag="504">
            <subfield code="a">Includes bibliographical references (p. 281-283) and index.</subfield>
        </datafield>
        <datafield ind1=" " ind2="0" tag="650">
            <subfield code="a">Motivation in education.</subfield>
        </datafield>
        <datafield ind1=" " ind2="0" tag="650">
            <subfield code="a">Classroom management.</subfield>
        </datafield>
        <datafield ind1=" " ind2="" tag="035">
            <subfield code="a">(TxDaGIAL)37741100021135</subfield>
        </datafield>
        <controlfield tag="005">20080624154319.0</controlfield>
        <controlfield tag="001">113</controlfield>
        <controlfield tag="003">TxDaGIAL</controlfield>
        <datafield ind1=" " ind2="" tag="852">
            <subfield code="p">37741100021135</subfield>
            <subfield code="a">Library</subfield>
            <subfield code="9">$25.19</subfield>
            <subfield code="x">FUND:LD-Lite</subfield>
            <subfield code="x">COPYID:115</subfield>
            <subfield code="x">FSC@aRegular@c19971017</subfield>
            <subfield code="h">370.154 R137 1996</subfield>
            <subfield code="z">B/T 10-97</subfield>
        </datafield>
    </record>