
    <record>
        <leader>00983pam a2200265 i 4500</leader>
        <controlfield tag="008">750825s1975    dcu      b    10010 eng  </controlfield>
        <datafield ind1=" " ind2="" tag="010">
            <subfield code="a">   75028427</subfield>
        </datafield>
        <datafield ind1=" " ind2="" tag="020">
            <subfield code="a">0878400400 :</subfield>
            <subfield code="c">$3.95</subfield>
        </datafield>
        <datafield ind1=" " ind2="" tag="040">
            <subfield code="a">DLC</subfield>
            <subfield code="c">DLC</subfield>
            <subfield code="d">TxDaGIAL</subfield>
        </datafield>
        <datafield ind1="0" ind2=" " tag="050">
            <subfield code="a">PC4021</subfield>
            <subfield code="b">.C55 1974</subfield>
        </datafield>
        <datafield ind1=" " ind2="" tag="082">
            <subfield code="a">460</subfield>
        </datafield>
        <datafield ind1="2" ind2="0" tag="111">
            <subfield code="a">Colloquium on Spanish and Portuguese Linguistics</subfield>
            <subfield code="d">(1974 :</subfield>
            <subfield code="c">University of Massachusetts)</subfield>
        </datafield>
        <datafield ind1="1" ind2="0" tag="245">
            <subfield code="a">1974 Colloquium on Spanish and Portuguese Linguistics :</subfield>
            <subfield code="b">[selected papers] /</subfield>
            <subfield code="c">William G. Milan, John J. Staczek, Juan C. Zamora: editors.</subfield>
        </datafield>
        <datafield ind1="0" ind2=" " tag="260">
            <subfield code="a">Washington :</subfield>
            <subfield code="b">Georgetown University Press,</subfield>
            <subfield code="c">c1975.</subfield>
        </datafield>
        <datafield ind1=" " ind2="" tag="300">
            <subfield code="a">v, 148 p. ;</subfield>
            <subfield code="c">23 cm.</subfield>
        </datafield>
        <datafield ind1=" " ind2="" tag="504">
            <subfield code="a">Includes bibliographies.</subfield>
        </datafield>
        <datafield ind1=" " ind2="0" tag="650">
            <subfield code="a">Spanish language</subfield>
            <subfield code="v">Congresses.</subfield>
        </datafield>
        <datafield ind1="1" ind2="0" tag="700">
            <subfield code="a">Milan, William G.</subfield>
        </datafield>
        <datafield ind1="1" ind2="0" tag="700">
            <subfield code="a">Staczek, John J.</subfield>
        </datafield>
        <datafield ind1="1" ind2="0" tag="700">
            <subfield code="a">Zamora, Juan C.</subfield>
        </datafield>
        <datafield ind1=" " ind2="" tag="035">
            <subfield code="a">(TxDaGIAL)37741100007017</subfield>
        </datafield>
        <controlfield tag="005">20080624154319.0</controlfield>
        <controlfield tag="001">114</controlfield>
        <controlfield tag="003">TxDaGIAL</controlfield>
        <datafield ind1=" " ind2="" tag="852">
            <subfield code="p">37741100007017</subfield>
            <subfield code="a">Library</subfield>
            <subfield code="x">COPYID:116</subfield>
            <subfield code="x">FSC@aRegular@c19950818</subfield>
            <subfield code="h">460 C714 1974</subfield>
            <subfield code="z">4561</subfield>
        </datafield>
    </record>