
    <record>
        <leader>00974nam a2200253 a 4500</leader>
        <controlfield tag="008">930201s1984    coua     b    100 0 eng  </controlfield>
        <datafield ind1=" " ind2="" tag="010">
            <subfield code="a">   93620263</subfield>
        </datafield>
        <datafield ind1=" " ind2="" tag="040">
            <subfield code="a">DLC</subfield>
            <subfield code="c">DLC</subfield>
        </datafield>
        <datafield ind1="0" ind2="0" tag="050">
            <subfield code="a">P23</subfield>
            <subfield code="b">.M53 1983</subfield>
        </datafield>
        <datafield ind1="0" ind2="0" tag="082">
            <subfield code="a">410</subfield>
            <subfield code="2">20</subfield>
        </datafield>
        <datafield ind1="2" ind2="0" tag="111">
            <subfield code="a">Mid-America Linguistics Conference</subfield>
            <subfield code="n">(18th :</subfield>
            <subfield code="d">1983 :</subfield>
            <subfield code="c">University of Colorado, Boulder)</subfield>
        </datafield>
        <datafield ind1="1" ind2="0" tag="245">
            <subfield code="a">1983 Mid-America Linguistics Conference papers /</subfield>
            <subfield code="c">edited by David S. Rood.</subfield>
        </datafield>
        <datafield ind1=" " ind2="" tag="260">
            <subfield code="a">Boulder, Colo. :</subfield>
            <subfield code="b">Dept. of Linguistics, University of Colorado,</subfield>
            <subfield code="c">1984.</subfield>
        </datafield>
        <datafield ind1=" " ind2="" tag="300">
            <subfield code="a">vii, 425 p. :</subfield>
            <subfield code="b">ill. ;</subfield>
            <subfield code="c">21 cm.</subfield>
        </datafield>
        <datafield ind1=" " ind2="" tag="504">
            <subfield code="a">Includes bibliographical references.</subfield>
        </datafield>
        <datafield ind1=" " ind2="0" tag="650">
            <subfield code="a">Linguistics</subfield>
            <subfield code="v">Congresses.</subfield>
        </datafield>
        <datafield ind1="1" ind2="0" tag="700">
            <subfield code="a">Rood, David S.</subfield>
        </datafield>
        <datafield ind1="2" ind2="0" tag="710">
            <subfield code="a">University of Colorado, Boulder.</subfield>
            <subfield code="b">Dept. of Linguistics.</subfield>
        </datafield>
        <datafield ind1="0" ind2="1" tag="740">
            <subfield code="a">Mid-America Linguistics Conference papers.</subfield>
        </datafield>
        <datafield ind1=" " ind2="" tag="035">
            <subfield code="a">(TxDaGIAL)37741100010763</subfield>
        </datafield>
        <controlfield tag="005">20080624154319.0</controlfield>
        <controlfield tag="001">115</controlfield>
        <controlfield tag="003">TxDaGIAL</controlfield>
        <datafield ind1=" " ind2="" tag="852">
            <subfield code="p">37741100010763</subfield>
            <subfield code="a">Library</subfield>
            <subfield code="x">COPYID:117</subfield>
            <subfield code="x">FSC@aRegular@c19960410</subfield>
            <subfield code="h">410 M627 1983</subfield>
            <subfield code="z">11463</subfield>
        </datafield>
    </record>