
    <record>
        <leader>00991nam a2200229 a 4500</leader>
        <controlfield tag="008">971027m19971996xxuabd        000 0 eng d</controlfield>
        <datafield ind1=" " ind2="" tag="040">
            <subfield code="a">TxDaGIAL</subfield>
            <subfield code="c">TxDaGIAL</subfield>
        </datafield>
        <datafield ind1="2" ind2=" " tag="111">
            <subfield code="a">Mid-America Linguistics Conference</subfield>
            <subfield code="d">(1996 :</subfield>
            <subfield code="c">University of Kansas)</subfield>
        </datafield>
        <datafield ind1="1" ind2="0" tag="245">
            <subfield code="a">1996 Mid-America Linguistics Conference papers /</subfield>
            <subfield code="c">edited by Clifton Pye.</subfield>
        </datafield>
        <datafield ind1=" " ind2="" tag="260">
            <subfield code="a">Lawrence, Kan. :</subfield>
            <subfield code="b">Dept. of Linguistics, University of Kansas,</subfield>
            <subfield code="c">1997.</subfield>
        </datafield>
        <datafield ind1=" " ind2="" tag="300">
            <subfield code="a">viii, 584 p. :</subfield>
            <subfield code="b">ill., maps, charts ;</subfield>
            <subfield code="c">22 cm.</subfield>
        </datafield>
        <datafield ind1=" " ind2="" tag="504">
            <subfield code="a">Includes bibliographical references.</subfield>
        </datafield>
        <datafield ind1=" " ind2="" tag="500">
            <subfield code="a">Includes six papers from a special session on "Endangered languages and language policy".</subfield>
        </datafield>
        <datafield ind1=" " ind2="0" tag="650">
            <subfield code="a">Linguistics</subfield>
            <subfield code="x">Conferences.</subfield>
        </datafield>
        <datafield ind1=" " ind2="0" tag="650">
            <subfield code="a">Grammar, Comparative and general</subfield>
            <subfield code="x">Conferences.</subfield>
        </datafield>
        <datafield ind1=" " ind2="4" tag="650">
            <subfield code="a">Endangered languages.</subfield>
        </datafield>
        <datafield ind1="1" ind2="0" tag="700">
            <subfield code="a">Pye, Clifton.</subfield>
        </datafield>
        <datafield ind1=" " ind2="" tag="035">
            <subfield code="a">(TxDaGIAL)37741100021361</subfield>
        </datafield>
        <controlfield tag="005">20080624154319.0</controlfield>
        <controlfield tag="001">116</controlfield>
        <controlfield tag="003">TxDaGIAL</controlfield>
        <datafield ind1=" " ind2="" tag="852">
            <subfield code="p">37741100021361</subfield>
            <subfield code="a">Library</subfield>
            <subfield code="9">$18.00</subfield>
            <subfield code="x">COPYID:118</subfield>
            <subfield code="x">FSC@aRegular@c19971027</subfield>
            <subfield code="h">410 M627 1996</subfield>
            <subfield code="z">Dir. MALC Pub. 1997</subfield>
        </datafield>
    </record>