
    <record>
        <leader>01174cam a2200301 a 4500</leader>
        <controlfield tag="008">950208s1994    ilu      b    000 0 eng  </controlfield>
        <datafield ind1=" " ind2="" tag="010">
            <subfield code="a">   94003579</subfield>
        </datafield>
        <datafield ind1=" " ind2="" tag="020">
            <subfield code="a">0877842469 (pbk.) :</subfield>
            <subfield code="c">$11.99</subfield>
        </datafield>
        <datafield ind1=" " ind2="" tag="020">
            <subfield code="a">0830814329</subfield>
        </datafield>
        <datafield ind1=" " ind2="" tag="040">
            <subfield code="a">DLC</subfield>
            <subfield code="c">DLC</subfield>
            <subfield code="d">DLC</subfield>
        </datafield>
        <datafield ind1="0" ind2="0" tag="050">
            <subfield code="a">BS1345.3</subfield>
            <subfield code="b">.S46 1994</subfield>
        </datafield>
        <datafield ind1=" " ind2="" tag="069">
            <subfield code="a">00413938</subfield>
        </datafield>
        <datafield ind1="0" ind2="0" tag="082">
            <subfield code="a">222/.6407</subfield>
            <subfield code="2">20</subfield>
        </datafield>
        <datafield ind1="1" ind2=" " tag="100">
            <subfield code="a">Selman, Martin J.,</subfield>
            <subfield code="d">1947-</subfield>
        </datafield>
        <datafield ind1="1" ind2="0" tag="245">
            <subfield code="a">2 Chronicles :</subfield>
            <subfield code="b">a commentary /</subfield>
            <subfield code="c">by Martin J. Selman.</subfield>
        </datafield>
        <datafield ind1=" " ind2="" tag="260">
            <subfield code="a">Leicester, England ;</subfield>
            <subfield code="a">Downers Grove, Ill. :</subfield>
            <subfield code="b">InterVarsity Press,</subfield>
            <subfield code="c">c1994.</subfield>
        </datafield>
        <datafield ind1=" " ind2="" tag="300">
            <subfield code="a">551 p. ;</subfield>
            <subfield code="c">19 cm.</subfield>
        </datafield>
        <datafield ind1=" " ind2="4" tag="440">
            <subfield code="a">The Tyndale Old Testament commentaries ;</subfield>
            <subfield code="v">10b</subfield>
        </datafield>
        <datafield ind1=" " ind2="" tag="500">
            <subfield code="a">Continues the author's 1 Chronicles.</subfield>
        </datafield>
        <datafield ind1=" " ind2="" tag="504">
            <subfield code="a">Includes bibliographical references.</subfield>
        </datafield>
        <datafield ind1="0" ind2="0" tag="630">
            <subfield code="a">Bible.</subfield>
            <subfield code="p">O.T.</subfield>
            <subfield code="p">Chronicles, 2nd</subfield>
            <subfield code="v">Commentaries.</subfield>
        </datafield>
        <datafield ind1="0" ind2="1" tag="740">
            <subfield code="a">Second Chronicles.</subfield>
        </datafield>
        <datafield ind1=" " ind2="" tag="035">
            <subfield code="a">(TxDaGIAL)37741100012689</subfield>
        </datafield>
        <controlfield tag="005">20080624154320.0</controlfield>
        <controlfield tag="001">117</controlfield>
        <controlfield tag="003">TxDaGIAL</controlfield>
        <datafield ind1=" " ind2="" tag="852">
            <subfield code="p">37741100012689</subfield>
            <subfield code="a">Library</subfield>
            <subfield code="9">$10.43</subfield>
            <subfield code="x">FUND:AL-Tran</subfield>
            <subfield code="x">COPYID:119</subfield>
            <subfield code="x">FSC@aRegular@c19960725</subfield>
            <subfield code="h">222.6407 S468 1994</subfield>
            <subfield code="z">7-96</subfield>
        </datafield>
        <datafield ind1=" " ind2="" tag="852">
            <subfield code="p">37741100024215</subfield>
            <subfield code="a">Library</subfield>
            <subfield code="9">$0.00</subfield>
            <subfield code="x">FUND:Gift</subfield>
            <subfield code="x">COPYID:120</subfield>
            <subfield code="x">FSC@aRegular@c20001010</subfield>
            <subfield code="h">222.6407 S468 1994</subfield>
            <subfield code="z">Gift SIL-Translation Dept. 9-00</subfield>
        </datafield>
    </record>