
    <record>
        <leader>00726cam a22002057a 4500</leader>
        <controlfield tag="008">841218s1979||||stk|||| ||||||0|||||eng| </controlfield>
        <datafield ind1=" " ind2="" tag="010">
            <subfield code="a">   83839229</subfield>
        </datafield>
        <datafield ind1=" " ind2="" tag="020">
            <subfield code="a">085151295X (pbk.)</subfield>
        </datafield>
        <datafield ind1=" " ind2="" tag="040">
            <subfield code="a">DLC</subfield>
            <subfield code="c">DLC</subfield>
            <subfield code="d">DLC</subfield>
            <subfield code="d">TxDaGIAL</subfield>
        </datafield>
        <datafield ind1="0" ind2=" " tag="050">
            <subfield code="a">MLCS 84/16817 (B)</subfield>
        </datafield>
        <datafield ind1="1" ind2="0" tag="100">
            <subfield code="a">Wilson, Geoffrey B.,</subfield>
            <subfield code="d">1929-</subfield>
        </datafield>
        <datafield ind1="1" ind2="0" tag="245">
            <subfield code="a">2 Corinthians :</subfield>
            <subfield code="b">a digest of reformed comment /</subfield>
            <subfield code="c">Geoffrey B. Wilson.</subfield>
        </datafield>
        <datafield ind1="0" ind2=" " tag="260">
            <subfield code="a">Edinburgh ;</subfield>
            <subfield code="a">Carlisle, Pa. :</subfield>
            <subfield code="b">Banner of Truth Trust,</subfield>
            <subfield code="c">c1979.</subfield>
        </datafield>
        <datafield ind1=" " ind2="" tag="300">
            <subfield code="a">179 p. ;</subfield>
            <subfield code="c">18 cm.</subfield>
        </datafield>
        <datafield ind1="0" ind2="0" tag="630">
            <subfield code="a">Bible.</subfield>
            <subfield code="p">N.T.</subfield>
            <subfield code="p">Corinthians, 2nd</subfield>
            <subfield code="v">Commentaries.</subfield>
        </datafield>
        <datafield ind1=" " ind2="" tag="035">
            <subfield code="a">(TxDaGIAL)37741100002084</subfield>
        </datafield>
        <controlfield tag="005">20080624154320.0</controlfield>
        <controlfield tag="001">118</controlfield>
        <controlfield tag="003">TxDaGIAL</controlfield>
        <datafield ind1=" " ind2="" tag="852">
            <subfield code="p">37741100002084</subfield>
            <subfield code="a">Library</subfield>
            <subfield code="x">COPYID:121</subfield>
            <subfield code="x">FSC@aRegular@c19950308</subfield>
            <subfield code="h">227.307 W748c 1979</subfield>
            <subfield code="z">12505</subfield>
        </datafield>
    </record>