
    <record>
        <leader>01234pam a2200325 a 4500</leader>
        <controlfield tag="008">931214s1993    nyu      b    001 0 eng  </controlfield>
        <datafield ind1=" " ind2="" tag="010">
            <subfield code="a">   92021142</subfield>
        </datafield>
        <datafield ind1=" " ind2="" tag="020">
            <subfield code="a">0385413629 :</subfield>
            <subfield code="c">$28.00</subfield>
        </datafield>
        <datafield ind1=" " ind2="" tag="040">
            <subfield code="a">DLC</subfield>
            <subfield code="c">DLC</subfield>
            <subfield code="d">DLC</subfield>
        </datafield>
        <datafield ind1="0" ind2="0" tag="050">
            <subfield code="a">BS192.2.A1 1964</subfield>
            <subfield code="b">.G3 vol. 37C</subfield>
            <subfield code="a">BS2793</subfield>
        </datafield>
        <datafield ind1="0" ind2="0" tag="082">
            <subfield code="a">220.7/7 s</subfield>
            <subfield code="a">227/.93077</subfield>
            <subfield code="2">20</subfield>
        </datafield>
        <datafield ind1="0" ind2=" " tag="130">
            <subfield code="a">Bible.</subfield>
            <subfield code="p">N.T.</subfield>
            <subfield code="p">Peter, 2nd.</subfield>
            <subfield code="l">English.</subfield>
            <subfield code="s">Neyrey.</subfield>
            <subfield code="f">1993.</subfield>
        </datafield>
        <datafield ind1="1" ind2="0" tag="245">
            <subfield code="a">2 Peter, Jude :</subfield>
            <subfield code="b">a new translation with introduction and commentary /</subfield>
            <subfield code="c">Jerome H. Neyrey.</subfield>
        </datafield>
        <datafield ind1=" " ind2="" tag="250">
            <subfield code="a">1st ed.</subfield>
        </datafield>
        <datafield ind1=" " ind2="" tag="260">
            <subfield code="a">New York :</subfield>
            <subfield code="b">Doubleday,</subfield>
            <subfield code="c">1993.</subfield>
        </datafield>
        <datafield ind1=" " ind2="" tag="300">
            <subfield code="a">ix, 287 p. ;</subfield>
            <subfield code="c">25 cm.</subfield>
        </datafield>
        <datafield ind1="1" ind2=" " tag="490">
            <subfield code="a">The Anchor Bible ;</subfield>
            <subfield code="v">37C</subfield>
        </datafield>
        <datafield ind1=" " ind2="" tag="504">
            <subfield code="a">Includes bibliographical references (p. 252-260) and indexes.</subfield>
        </datafield>
        <datafield ind1="0" ind2="0" tag="630">
            <subfield code="a">Bible.</subfield>
            <subfield code="p">N.T.</subfield>
            <subfield code="p">Peter, 2nd</subfield>
            <subfield code="v">Commentaries.</subfield>
        </datafield>
        <datafield ind1="0" ind2="0" tag="630">
            <subfield code="a">Bible.</subfield>
            <subfield code="p">N.T.</subfield>
            <subfield code="p">Jude</subfield>
            <subfield code="v">Commentaries.</subfield>
        </datafield>
        <datafield ind1="1" ind2="0" tag="700">
            <subfield code="a">Neyrey, Jerome H.,</subfield>
            <subfield code="d">1940-</subfield>
        </datafield>
        <datafield ind1="0" ind2="2" tag="730">
            <subfield code="a">Bible.</subfield>
            <subfield code="p">N.T.</subfield>
            <subfield code="p">Jude.</subfield>
            <subfield code="l">English.</subfield>
            <subfield code="s">Neyrey.</subfield>
            <subfield code="f">1993.</subfield>
        </datafield>
        <datafield ind1="0" ind2="1" tag="740">
            <subfield code="a">2nd Peter, Jude.</subfield>
        </datafield>
        <datafield ind1="0" ind2="1" tag="740">
            <subfield code="a">Second Peter, Jude.</subfield>
        </datafield>
        <datafield ind1=" " ind2="0" tag="830">
            <subfield code="a">Bible.</subfield>
            <subfield code="l">English.</subfield>
            <subfield code="s">Anchor Bible.</subfield>
            <subfield code="f">1964 ;</subfield>
            <subfield code="v">v. 37C.</subfield>
        </datafield>
        <datafield ind1=" " ind2="" tag="035">
            <subfield code="a">(TxDaGIAL)37741100004640</subfield>
        </datafield>
        <controlfield tag="005">20080624154320.0</controlfield>
        <controlfield tag="001">119</controlfield>
        <controlfield tag="003">TxDaGIAL</controlfield>
        <datafield ind1=" " ind2="" tag="852">
            <subfield code="p">37741100004640</subfield>
            <subfield code="a">Library</subfield>
            <subfield code="9">$24.36</subfield>
            <subfield code="x">COPYID:122</subfield>
            <subfield code="x">FSC@aRegular@c19950602</subfield>
            <subfield code="h">227.93077 N574 1993</subfield>
            <subfield code="z">B/T 5-95</subfield>
        </datafield>
    </record>