
    <record>
        <leader>00803nam a2200229 i 4500</leader>
        <controlfield tag="008">950802s1989    txu           001 0 eng d</controlfield>
        <datafield ind1=" " ind2="" tag="020">
            <subfield code="a">084990210x :</subfield>
            <subfield code="c">$27.99</subfield>
        </datafield>
        <datafield ind1=" " ind2="" tag="040">
            <subfield code="d">TxDaGIAL</subfield>
        </datafield>
        <datafield ind1="1" ind2=" " tag="041">
            <subfield code="a">engheb</subfield>
        </datafield>
        <datafield ind1="1" ind2=" " tag="100">
            <subfield code="a">Anderson, A. A.</subfield>
            <subfield code="q">(Albert Arnold)</subfield>
        </datafield>
        <datafield ind1="1" ind2="0" tag="245">
            <subfield code="a">2 Samuel /</subfield>
            <subfield code="c">A.A. Anderson.</subfield>
        </datafield>
        <datafield ind1=" " ind2="" tag="260">
            <subfield code="a">Dallas, Tex. :</subfield>
            <subfield code="b">Word Books,</subfield>
            <subfield code="c">c1989.</subfield>
        </datafield>
        <datafield ind1=" " ind2="" tag="300">
            <subfield code="a">xl, 301 p. ;</subfield>
            <subfield code="c">24 cm.</subfield>
        </datafield>
        <datafield ind1=" " ind2="0" tag="440">
            <subfield code="a">Word biblical commentary ;</subfield>
            <subfield code="v">v. 11</subfield>
        </datafield>
        <datafield ind1=" " ind2="" tag="504">
            <subfield code="a">Includes bibliographies and indexes.</subfield>
        </datafield>
        <datafield ind1="0" ind2="0" tag="630">
            <subfield code="a">Bible.</subfield>
            <subfield code="p">O.T.</subfield>
            <subfield code="p">Samuel, 2nd</subfield>
            <subfield code="v">Commentaries.</subfield>
        </datafield>
        <datafield ind1="0" ind2="1" tag="730">
            <subfield code="a">Bible.</subfield>
            <subfield code="p">O.T.</subfield>
            <subfield code="p">Samuel, 2nd.</subfield>
            <subfield code="l">English.</subfield>
            <subfield code="s">Anderson.</subfield>
            <subfield code="f">1989.</subfield>
        </datafield>
        <datafield ind1=" " ind2="" tag="035">
            <subfield code="a">(TxDaGIAL)37741100006155</subfield>
        </datafield>
        <controlfield tag="005">20080624154320.0</controlfield>
        <controlfield tag="001">120</controlfield>
        <controlfield tag="003">TxDaGIAL</controlfield>
        <datafield ind1=" " ind2="" tag="852">
            <subfield code="p">37741100006155</subfield>
            <subfield code="a">Library</subfield>
            <subfield code="9">$20.95</subfield>
            <subfield code="x">COPYID:123</subfield>
            <subfield code="x">FSC@aRegular@c19950802</subfield>
            <subfield code="h">222.44077 A545s 1989</subfield>
            <subfield code="z">dir CBD 7-95</subfield>
        </datafield>
    </record>