
    <record>
        <leader>01140cam a2200313 a 4500</leader>
        <controlfield tag="008">830616s1983    mdu           00010 eng  </controlfield>
        <datafield ind1=" " ind2="" tag="010">
            <subfield code="a">   83012373</subfield>
        </datafield>
        <datafield ind1=" " ind2="" tag="020">
            <subfield code="a">0819133744 :</subfield>
            <subfield code="c">$17.25</subfield>
        </datafield>
        <datafield ind1=" " ind2="" tag="020">
            <subfield code="a">0819133752 (pbk.) :</subfield>
            <subfield code="c">$7.75</subfield>
        </datafield>
        <datafield ind1=" " ind2="" tag="040">
            <subfield code="a">DLC</subfield>
            <subfield code="c">DLC</subfield>
            <subfield code="d">TxDaGIAL</subfield>
        </datafield>
        <datafield ind1="1" ind2=" " tag="041">
            <subfield code="a">engspa</subfield>
        </datafield>
        <datafield ind1=" " ind2="" tag="043">
            <subfield code="a">n-us---</subfield>
        </datafield>
        <datafield ind1="0" ind2=" " tag="050">
            <subfield code="a">E169.12</subfield>
            <subfield code="b">.M6413 1983</subfield>
        </datafield>
        <datafield ind1="0" ind2=" " tag="082">
            <subfield code="a">973.9</subfield>
            <subfield code="2">19</subfield>
        </datafield>
        <datafield ind1="1" ind2="0" tag="100">
            <subfield code="a">Montaner, Carlos Alberto.</subfield>
        </datafield>
        <datafield ind1="1" ind2="0" tag="240">
            <subfield code="a">200 a&#169;&#322;os de gringos.</subfield>
            <subfield code="l">English.</subfield>
        </datafield>
        <datafield ind1="1" ind2="0" tag="245">
            <subfield code="a">200 years of gringos /</subfield>
            <subfield code="c">Carlos Alberto Montaner ; translated by Gast&#169;&#273;n Fern&#169;&#321;ndez de la Torriente, James F. Horton.</subfield>
        </datafield>
        <datafield ind1="0" ind2=" " tag="260">
            <subfield code="a">Lanham, Md. :</subfield>
            <subfield code="b">University Press of America,</subfield>
            <subfield code="c">c1983.</subfield>
        </datafield>
        <datafield ind1=" " ind2="" tag="300">
            <subfield code="a">xii, 129 p. ;</subfield>
            <subfield code="c">22 cm.</subfield>
        </datafield>
        <datafield ind1=" " ind2="" tag="500">
            <subfield code="a">Translation of: 200 a&#169;&#322;os de gringos.</subfield>
        </datafield>
        <datafield ind1=" " ind2="0" tag="651">
            <subfield code="a">United States</subfield>
            <subfield code="x">Civilization</subfield>
            <subfield code="y">1945-</subfield>
        </datafield>
        <datafield ind1=" " ind2="0" tag="651">
            <subfield code="a">United States</subfield>
            <subfield code="x">Territorial expansion.</subfield>
        </datafield>
        <datafield ind1=" " ind2="0" tag="651">
            <subfield code="a">United States</subfield>
            <subfield code="x">Foreign relations</subfield>
            <subfield code="y">20th century.</subfield>
        </datafield>
        <datafield ind1="0" ind2="1" tag="740">
            <subfield code="a">Two hundred years of gringos.</subfield>
        </datafield>
        <datafield ind1=" " ind2="" tag="035">
            <subfield code="a">(TxDaGIAL)37741100008499</subfield>
        </datafield>
        <controlfield tag="005">20080624154320.0</controlfield>
        <controlfield tag="001">121</controlfield>
        <controlfield tag="003">TxDaGIAL</controlfield>
        <datafield ind1=" " ind2="" tag="852">
            <subfield code="p">37741100008499</subfield>
            <subfield code="a">Library</subfield>
            <subfield code="x">COPYID:124</subfield>
            <subfield code="x">FSC@aRegular@c19950926</subfield>
            <subfield code="h">973.9 M764t.E 1983</subfield>
            <subfield code="z">10355</subfield>
        </datafield>
    </record>