
    <record>
        <leader>00721cam a2200205   4500</leader>
        <controlfield tag="008">701022s1970    nyu           00100 eng  </controlfield>
        <datafield ind1=" " ind2="" tag="010">
            <subfield code="a">   70102878 //r85</subfield>
        </datafield>
        <datafield ind1=" " ind2="" tag="040">
            <subfield code="a">DLC</subfield>
            <subfield code="c">DLC</subfield>
            <subfield code="d">TxDaGIAL</subfield>
        </datafield>
        <datafield ind1="0" ind2=" " tag="050">
            <subfield code="a">PJ4645</subfield>
            <subfield code="b">.H25</subfield>
        </datafield>
        <datafield ind1=" " ind2="" tag="082">
            <subfield code="a">492.45</subfield>
        </datafield>
        <datafield ind1="1" ind2="0" tag="100">
            <subfield code="a">Halkin, Abraham S.,</subfield>
            <subfield code="d">1903-</subfield>
        </datafield>
        <datafield ind1="1" ind2="0" tag="245">
            <subfield code="a">201 Hebrew verbs fully conjugated in all the tenses, alphabeticallyarranged /</subfield>
            <subfield code="c">Abraham S. Halkin.</subfield>
        </datafield>
        <datafield ind1="0" ind2=" " tag="260">
            <subfield code="a">Woodbury, N.Y. :</subfield>
            <subfield code="b">Barron's Educational Series,</subfield>
            <subfield code="c">c1970.</subfield>
        </datafield>
        <datafield ind1=" " ind2="" tag="300">
            <subfield code="a">xiii, 425 p. ;</subfield>
            <subfield code="c">21 cm.</subfield>
        </datafield>
        <datafield ind1=" " ind2="0" tag="650">
            <subfield code="a">Hebrew language</subfield>
            <subfield code="x">Verb</subfield>
            <subfield code="v">Tables.</subfield>
        </datafield>
        <datafield ind1=" " ind2="" tag="035">
            <subfield code="a">(TxDaGIAL)37741100007662</subfield>
        </datafield>
        <controlfield tag="005">20080624154321.0</controlfield>
        <controlfield tag="001">122</controlfield>
        <controlfield tag="003">TxDaGIAL</controlfield>
        <datafield ind1=" " ind2="" tag="852">
            <subfield code="p">37741100007662</subfield>
            <subfield code="a">Library</subfield>
            <subfield code="x">COPYID:125</subfield>
            <subfield code="x">FSC@aRegular@c19950906</subfield>
            <subfield code="h">492.45 H173t 1970</subfield>
            <subfield code="z">510</subfield>
        </datafield>
    </record>