
    <record>
        <leader>00694cam a22001935a 4500</leader>
        <controlfield tag="008">890531s1992    ja |||| ||||||0|| 0|eng|d</controlfield>
        <datafield ind1=" " ind2="" tag="035">
            <subfield code="a">ILNGAFS0182B-B</subfield>
        </datafield>
        <datafield ind1=" " ind2="" tag="035">
            <subfield code="a">(CStRLIN)</subfield>
        </datafield>
        <datafield ind1=" " ind2="" tag="040">
            <subfield code="a">IEN</subfield>
            <subfield code="d">CStRLIN</subfield>
            <subfield code="d">TxDaGIAL</subfield>
        </datafield>
        <datafield ind1="0" ind2="0" tag="245">
            <subfield code="a">500 a&#169;&#322;os de mestizaje en los andes /</subfield>
            <subfield code="c">editado por Hiroyasu Tomoeda y Luis Millones.</subfield>
        </datafield>
        <datafield ind1=" " ind2="" tag="260">
            <subfield code="a">Osaka :</subfield>
            <subfield code="b">National Museum of Ethnology,</subfield>
            <subfield code="c">1992.</subfield>
        </datafield>
        <datafield ind1=" " ind2="0" tag="440">
            <subfield code="a">Senri ethnological studies,</subfield>
            <subfield code="x">0387-6004 ;</subfield>
            <subfield code="v">no. 33</subfield>
        </datafield>
        <datafield ind1="1" ind2="0" tag="700">
            <subfield code="a">Tomoeda, Hiroyasu,</subfield>
            <subfield code="d">1935-</subfield>
        </datafield>
        <datafield ind1="1" ind2="0" tag="700">
            <subfield code="a">Millones, Luis.</subfield>
        </datafield>
        <datafield ind1=" " ind2="" tag="035">
            <subfield code="a">(TxDaGIAL)37741100013468</subfield>
        </datafield>
        <controlfield tag="005">20080624154321.0</controlfield>
        <controlfield tag="001">123</controlfield>
        <controlfield tag="003">TxDaGIAL</controlfield>
        <datafield ind1=" " ind2="" tag="852">
            <subfield code="p">37741100013468</subfield>
            <subfield code="a">Library</subfield>
            <subfield code="x">COPYID:126</subfield>
            <subfield code="x">FSC@aRegular@c19961017</subfield>
            <subfield code="h">305.898 T661 1992</subfield>
            <subfield code="z">exchange 6-92</subfield>
        </datafield>
    </record>