
    <record>
        <leader>01249cam a2200289 a 4500</leader>
        <controlfield tag="008">820326s1982    nyu           00110 eng  </controlfield>
        <datafield ind1=" " ind2="" tag="010">
            <subfield code="a">   82006688 //r902</subfield>
        </datafield>
        <datafield ind1=" " ind2="" tag="020">
            <subfield code="a">0812026020</subfield>
        </datafield>
        <datafield ind1=" " ind2="" tag="040">
            <subfield code="a">DLC</subfield>
            <subfield code="c">DLC</subfield>
            <subfield code="d">DLC</subfield>
            <subfield code="d">OCoLC</subfield>
        </datafield>
        <datafield ind1="0" ind2=" " tag="041">
            <subfield code="a">engspa</subfield>
        </datafield>
        <datafield ind1="0" ind2="0" tag="050">
            <subfield code="a">PC4271</subfield>
            <subfield code="b">.K38 1982</subfield>
        </datafield>
        <datafield ind1="0" ind2="0" tag="082">
            <subfield code="a">468.2/421</subfield>
            <subfield code="2">19</subfield>
        </datafield>
        <datafield ind1="1" ind2="0" tag="100">
            <subfield code="a">Kendris, Christopher.</subfield>
        </datafield>
        <datafield ind1="1" ind2="0" tag="245">
            <subfield code="a">501 Spanish verbs fully conjugated in all the tenses in a new easy to learn format /</subfield>
            <subfield code="c">alphabetically arranged by Christopher Kendris.</subfield>
        </datafield>
        <datafield ind1=" " ind2="" tag="250">
            <subfield code="a">2nd ed.</subfield>
        </datafield>
        <datafield ind1="0" ind2=" " tag="260">
            <subfield code="a">Woodbury, N.Y. :</subfield>
            <subfield code="b">Barron's Educational Series,</subfield>
            <subfield code="c">c1982.</subfield>
        </datafield>
        <datafield ind1=" " ind2="" tag="300">
            <subfield code="a">xli, 556 p. ;</subfield>
            <subfield code="c">23 cm.</subfield>
        </datafield>
        <datafield ind1=" " ind2="" tag="500">
            <subfield code="a">Rev. ed. of: Dictionary of 501 Spanish verbs, fully conjugated in all the tenses, alphabetically arranged. 1971.</subfield>
        </datafield>
        <datafield ind1=" " ind2="" tag="500">
            <subfield code="a">Includes indexes.</subfield>
        </datafield>
        <datafield ind1=" " ind2="0" tag="650">
            <subfield code="a">Spanish language</subfield>
            <subfield code="x">Verbs</subfield>
            <subfield code="v">Tables.</subfield>
        </datafield>
        <datafield ind1="0" ind2="1" tag="740">
            <subfield code="a">Five hundred one Spanish verbs fully conjugated in all the tenses in a new easy to learn format.</subfield>
        </datafield>
        <datafield ind1="0" ind2="1" tag="740">
            <subfield code="a">Five hundred and one Spanish verbs fully conjugated in all the tenses in a new easy to learn format.</subfield>
        </datafield>
        <datafield ind1=" " ind2="" tag="035">
            <subfield code="a">(TxDaGIAL)37741100012918</subfield>
        </datafield>
        <controlfield tag="005">20080624154321.0</controlfield>
        <controlfield tag="001">124</controlfield>
        <controlfield tag="003">TxDaGIAL</controlfield>
        <datafield ind1=" " ind2="" tag="852">
            <subfield code="p">37741100012918</subfield>
            <subfield code="a">Library</subfield>
            <subfield code="9">$0.00</subfield>
            <subfield code="x">COPYID:127</subfield>
            <subfield code="x">FSC@aRegular@c19960812</subfield>
            <subfield code="h">468.2421 K33 1982</subfield>
            <subfield code="z">Gift 10-94</subfield>
        </datafield>
    </record>