
    <record>
        <leader>00912pam a2200241 a 4500</leader>
        <controlfield tag="008">920514s1992    cau      b    000 0 eng  </controlfield>
        <datafield ind1=" " ind2="" tag="010">
            <subfield code="a">   92072008</subfield>
        </datafield>
        <datafield ind1=" " ind2="" tag="020">
            <subfield code="a">0878082352 (pbk.)</subfield>
        </datafield>
        <datafield ind1=" " ind2="" tag="040">
            <subfield code="a">DLC</subfield>
            <subfield code="c">DLC</subfield>
            <subfield code="d">DLC</subfield>
        </datafield>
        <datafield ind1="0" ind2="0" tag="050">
            <subfield code="a">BV2360</subfield>
            <subfield code="b">.F87 1992</subfield>
        </datafield>
        <datafield ind1="0" ind2="0" tag="082">
            <subfield code="a">266/.006/07</subfield>
            <subfield code="2">20</subfield>
        </datafield>
        <datafield ind1="1" ind2=" " tag="100">
            <subfield code="a">Frizen, E. L.</subfield>
        </datafield>
        <datafield ind1="1" ind2="0" tag="245">
            <subfield code="a">75 years of IFMA, 1917-1992 :</subfield>
            <subfield code="b">the nondenominational missions movement /</subfield>
            <subfield code="c">Edwin L. Frizen, Jr.</subfield>
        </datafield>
        <datafield ind1=" " ind2="" tag="260">
            <subfield code="a">Pasadena, Calif. :</subfield>
            <subfield code="b">William Carey Library,</subfield>
            <subfield code="c">c1992.</subfield>
        </datafield>
        <datafield ind1=" " ind2="" tag="300">
            <subfield code="a">478 p. ;</subfield>
            <subfield code="c">22 cm.</subfield>
        </datafield>
        <datafield ind1=" " ind2="" tag="504">
            <subfield code="a">Includes bibliographical references (p. 461-478).</subfield>
        </datafield>
        <datafield ind1="2" ind2="0" tag="610">
            <subfield code="a">Interdenominational Foreign Mission Association of North America</subfield>
            <subfield code="x">History.</subfield>
        </datafield>
        <datafield ind1="0" ind2="1" tag="740">
            <subfield code="a">Seventy-five years of IFMA, 1917-1992.</subfield>
        </datafield>
        <datafield ind1=" " ind2="" tag="035">
            <subfield code="a">(TxDaGIAL)37741100006669</subfield>
        </datafield>
        <controlfield tag="005">20080624154321.0</controlfield>
        <controlfield tag="001">125</controlfield>
        <controlfield tag="003">TxDaGIAL</controlfield>
        <datafield ind1=" " ind2="" tag="852">
            <subfield code="p">37741100006669</subfield>
            <subfield code="a">Library</subfield>
            <subfield code="9">$15.95</subfield>
            <subfield code="x">COPYID:128</subfield>
            <subfield code="x">FSC@aRegular@c19950811</subfield>
            <subfield code="h">266.00607 F921 1992</subfield>
            <subfield code="z">DIR 3-93</subfield>
        </datafield>
    </record>