
    <record>
        <leader>00934nam a2200277Ii 4500</leader>
        <controlfield tag="008">741029m19571962sp       b    010 0 spa  </controlfield>
        <datafield ind1=" " ind2="" tag="010">
            <subfield code="a">   62042261 //r66</subfield>
        </datafield>
        <datafield ind1=" " ind2="" tag="035">
            <subfield code="a">(CU-UC)dlaisn8357080</subfield>
        </datafield>
        <datafield ind1=" " ind2="" tag="040">
            <subfield code="a">DLC</subfield>
            <subfield code="c">TOL</subfield>
            <subfield code="d">CUV</subfield>
        </datafield>
        <datafield ind1="0" ind2=" " tag="041">
            <subfield code="a">spaengfreger</subfield>
        </datafield>
        <datafield ind1="1" ind2=" " tag="100">
            <subfield code="a">Catal&#169;&#321;n, Diego,</subfield>
            <subfield code="d">1928-</subfield>
            <subfield code="e">ed.</subfield>
        </datafield>
        <datafield ind1="1" ind2="0" tag="245">
            <subfield code="a">A Andr&#169;&#9837; Martinet. :</subfield>
            <subfield code="b">Estructuralismo e historia.</subfield>
        </datafield>
        <datafield ind1=" " ind2="" tag="260">
            <subfield code="a">[La Laguna, Canarias] :</subfield>
            <subfield code="b">Universidad de la Laguna,</subfield>
            <subfield code="c">1957-</subfield>
        </datafield>
        <datafield ind1=" " ind2="" tag="300">
            <subfield code="a">v. &lt;1  &gt; :</subfield>
            <subfield code="b">maps. ;</subfield>
            <subfield code="c">21 cm.</subfield>
        </datafield>
        <datafield ind1="0" ind2=" " tag="490">
            <subfield code="a">Miscel&#169;&#321;nea homenaje ;</subfield>
            <subfield code="v">1</subfield>
        </datafield>
        <datafield ind1="0" ind2=" " tag="490">
            <subfield code="a">Biblioteca filol&#169;&#273;gica</subfield>
        </datafield>
        <datafield ind1=" " ind2="" tag="500">
            <subfield code="a">Contributions in Spanish, English, French, or German.</subfield>
        </datafield>
        <datafield ind1=" " ind2="" tag="504">
            <subfield code="a">Includes bibliographies.</subfield>
        </datafield>
        <datafield ind1=" " ind2="" tag="546">
            <subfield code="a">Spanish.</subfield>
        </datafield>
        <datafield ind1=" " ind2="0" tag="650">
            <subfield code="a">Language and languages.</subfield>
        </datafield>
        <datafield ind1="1" ind2="0" tag="700">
            <subfield code="a">Martinet, Andr&#169;&#9837;.</subfield>
        </datafield>
        <datafield ind1=" " ind2="" tag="035">
            <subfield code="a">(TxDaGIAL)37741100015060</subfield>
        </datafield>
        <controlfield tag="005">20080624154321.0</controlfield>
        <controlfield tag="001">126</controlfield>
        <controlfield tag="003">TxDaGIAL</controlfield>
        <datafield ind1=" " ind2="" tag="852">
            <subfield code="p">37741100015060</subfield>
            <subfield code="a">Library</subfield>
            <subfield code="x">COPYID:129</subfield>
            <subfield code="x">FSC@aRegular@c19970212</subfield>
            <subfield code="h">404 C357a 1957</subfield>
            <subfield code="z">1923</subfield>
        </datafield>
    </record>