
    <record>
        <leader>00877mam a22002055i 4500</leader>
        <controlfield tag="008">960909s1969    ja       d    001 0 jpn d</controlfield>
        <datafield ind1=" " ind2="" tag="040">
            <subfield code="a">TxDaGIAL</subfield>
            <subfield code="c">TxDaGIAL</subfield>
        </datafield>
        <datafield ind1="0" ind2=" " tag="041">
            <subfield code="a">jpntuteng</subfield>
        </datafield>
        <datafield ind1="1" ind2=" " tag="100">
            <subfield code="a">Yamamoto, Kengo.</subfield>
        </datafield>
        <datafield ind1="1" ind2="0" tag="245">
            <subfield code="a">A classified dictionary of spoken Manchu :</subfield>
            <subfield code="b">with Manchu, English and Japanese indexes /</subfield>
            <subfield code="c">by Kengo Yamamoto; edited by Institute for the Study of Languages and Cultures of Asia and Africa.</subfield>
        </datafield>
        <datafield ind1=" " ind2="" tag="260">
            <subfield code="a">T&#191;ky&#191; :</subfield>
            <subfield code="b">Institute for the Study of Languages and Cultures of Asia and Africa,</subfield>
            <subfield code="c">1969.</subfield>
        </datafield>
        <datafield ind1=" " ind2="" tag="300">
            <subfield code="a">234 p. ;</subfield>
            <subfield code="c">27 cm.</subfield>
        </datafield>
        <datafield ind1=" " ind2="" tag="500">
            <subfield code="a">Title page also in Japanese.</subfield>
        </datafield>
        <datafield ind1=" " ind2="0" tag="650">
            <subfield code="a">Manchu language</subfield>
            <subfield code="v">Dictionaries</subfield>
            <subfield code="x">Japanese.</subfield>
        </datafield>
        <datafield ind1=" " ind2="0" tag="650">
            <subfield code="a">Manchu language</subfield>
            <subfield code="v">Dictionaries</subfield>
            <subfield code="z">English.</subfield>
        </datafield>
        <datafield ind1=" " ind2="" tag="035">
            <subfield code="a">(TxDaGIAL)37741100020746</subfield>
        </datafield>
        <controlfield tag="005">20080624154321.0</controlfield>
        <controlfield tag="001">127</controlfield>
        <controlfield tag="003">TxDaGIAL</controlfield>
        <datafield ind1=" " ind2="" tag="852">
            <subfield code="p">37741100020746</subfield>
            <subfield code="a">Library</subfield>
            <subfield code="x">COPYID:130</subfield>
            <subfield code="x">FSC@aRegular@c19971003</subfield>
            <subfield code="h">494.1 Y19c 1969</subfield>
            <subfield code="z">163</subfield>
        </datafield>
    </record>