
    <record>
        <leader>01299cam a2200313 i 4500</leader>
        <controlfield tag="008">691121s1969    inuac    b    000 0 fre  </controlfield>
        <datafield ind1=" " ind2="" tag="010">
            <subfield code="a">   69015997 //r97</subfield>
        </datafield>
        <datafield ind1=" " ind2="" tag="020">
            <subfield code="a">0253325706</subfield>
        </datafield>
        <datafield ind1=" " ind2="" tag="040">
            <subfield code="a">DLC</subfield>
            <subfield code="c">DLC</subfield>
            <subfield code="d">DLC</subfield>
        </datafield>
        <datafield ind1="0" ind2=" " tag="041">
            <subfield code="a">freeng</subfield>
        </datafield>
        <datafield ind1="0" ind2="0" tag="050">
            <subfield code="a">P25</subfield>
            <subfield code="b">.G6 1969</subfield>
        </datafield>
        <datafield ind1="0" ind2="0" tag="082">
            <subfield code="a">410/.8</subfield>
        </datafield>
        <datafield ind1="1" ind2="0" tag="100">
            <subfield code="a">Godel, Robert,</subfield>
            <subfield code="e">comp.</subfield>
        </datafield>
        <datafield ind1="1" ind2="0" tag="245">
            <subfield code="a">A Geneva school reader in linguistics. /</subfield>
            <subfield code="c">Edited by Robert Godel.</subfield>
        </datafield>
        <datafield ind1="0" ind2=" " tag="260">
            <subfield code="a">Bloomington :</subfield>
            <subfield code="b">Indiana University Press,</subfield>
            <subfield code="c">[1969]</subfield>
        </datafield>
        <datafield ind1=" " ind2="" tag="300">
            <subfield code="a">viii, 361 p. :</subfield>
            <subfield code="b">illus., ports. ;</subfield>
            <subfield code="c">25 cm.</subfield>
        </datafield>
        <datafield ind1=" " ind2="" tag="350">
            <subfield code="a">12.50.</subfield>
        </datafield>
        <datafield ind1="1" ind2=" " tag="490">
            <subfield code="a">Indiana University studies in the history and theory of linguistics</subfield>
        </datafield>
        <datafield ind1=" " ind2="" tag="500">
            <subfield code="a">Collection of writings by Ferdinand de Saussure and his followers in the linguistic movement called &quot;&#169;cole genevoise.&quot;</subfield>
        </datafield>
        <datafield ind1=" " ind2="" tag="500">
            <subfield code="a">Texts in French; prefatory matter in English.</subfield>
        </datafield>
        <datafield ind1=" " ind2="" tag="504">
            <subfield code="a">"The Geneva school of linguistics: a bibliographical record," by M. Mourelle-Lema: p. 1-25.</subfield>
        </datafield>
        <datafield ind1=" " ind2="" tag="504">
            <subfield code="a">Includes bibliographical references.</subfield>
        </datafield>
        <datafield ind1=" " ind2="0" tag="650">
            <subfield code="a">Linguistics.</subfield>
        </datafield>
        <datafield ind1="1" ind2=" " tag="810">
            <subfield code="a">Indiana.</subfield>
            <subfield code="b">University.</subfield>
            <subfield code="t">Indiana University studies in the history and theory of linguistics.</subfield>
        </datafield>
        <datafield ind1=" " ind2="" tag="035">
            <subfield code="a">(TxDaGIAL)37741100017661</subfield>
        </datafield>
        <controlfield tag="005">20080624154321.0</controlfield>
        <controlfield tag="001">128</controlfield>
        <controlfield tag="003">TxDaGIAL</controlfield>
        <datafield ind1=" " ind2="" tag="852">
            <subfield code="p">37741100017661</subfield>
            <subfield code="a">Library</subfield>
            <subfield code="x">COPYID:131</subfield>
            <subfield code="x">FSC@aRegular@c19970515</subfield>
            <subfield code="h">410.18 G581g 1969</subfield>
            <subfield code="z">3900</subfield>
        </datafield>
    </record>