
    <record>
        <leader>01252Qam a2200265Ia 4500</leader>
        <controlfield tag="008">760423s1976    mx            000 0 sai d</controlfield>
        <datafield ind1=" " ind2="" tag="035">
            <subfield code="a">(CU-UC)1690486</subfield>
        </datafield>
        <datafield ind1=" " ind2="" tag="040">
            <subfield code="a">NA</subfield>
            <subfield code="c">CU-SC</subfield>
            <subfield code="d">CU-I</subfield>
            <subfield code="d">CU-SC</subfield>
        </datafield>
        <datafield ind1="1" ind2=" " tag="100">
            <subfield code="a">Van Haitsma, Julia Dieterman.</subfield>
        </datafield>
        <datafield ind1="1" ind2="0" tag="245">
            <subfield code="a">A hierarchical sketch of Mixe as spoken in San Jos&#169;&#9837; El Para&#169;&#431;so /</subfield>
            <subfield code="c">by Julia Dieterman Van Haitsma and Willard Van Haitsma.</subfield>
        </datafield>
        <datafield ind1=" " ind2="" tag="260">
            <subfield code="a">Norman, Okla. :</subfield>
            <subfield code="b">Summer Institute of Linguistics, University of Oklahoma,</subfield>
            <subfield code="c">1976.</subfield>
        </datafield>
        <datafield ind1=" " ind2="" tag="300">
            <subfield code="a">xiv, 198 p. ;</subfield>
            <subfield code="c">24 cm.</subfield>
        </datafield>
        <datafield ind1="1" ind2=" " tag="490">
            <subfield code="a">Summer Institute of Linguistics publications in linguistics and related fields: publication ;</subfield>
            <subfield code="v">44.</subfield>
        </datafield>
        <datafield ind1=" " ind2="" tag="500">
            <subfield code="a">Bibliography: p.197-198.</subfield>
        </datafield>
        <datafield ind1=" " ind2="" tag="546">
            <subfield code="a">South American Indian.</subfield>
        </datafield>
        <datafield ind1=" " ind2="0" tag="650">
            <subfield code="a">Mixe language.</subfield>
        </datafield>
        <datafield ind1="1" ind2="0" tag="700">
            <subfield code="a">Van Haitsma, Willard.</subfield>
        </datafield>
        <datafield ind1=" " ind2="0" tag="830">
            <subfield code="a">Summer Institute of Linguistics publications in linguistics and related fields ;</subfield>
            <subfield code="v">44.</subfield>
        </datafield>
        <datafield ind1=" " ind2="" tag="035">
            <subfield code="a">(TxDaGIAL)37741100016538</subfield>
        </datafield>
        <controlfield tag="005">20080624154321.0</controlfield>
        <controlfield tag="001">129</controlfield>
        <controlfield tag="003">TxDaGIAL</controlfield>
        <datafield ind1=" " ind2="" tag="852">
            <subfield code="p">37741100016538</subfield>
            <subfield code="a">Library</subfield>
            <subfield code="x">COPYID:132</subfield>
            <subfield code="x">FSC@aRegular@c19970407</subfield>
            <subfield code="h">497.4165 V254h 1976</subfield>
            <subfield code="z">4280</subfield>
        </datafield>
        <datafield ind1=" " ind2="" tag="852">
            <subfield code="p">37741100016539</subfield>
            <subfield code="a">Library</subfield>
            <subfield code="x">COPYID:133</subfield>
            <subfield code="x">FSC@aRegular@c19970407</subfield>
            <subfield code="h">497.4165 V254h 1976</subfield>
            <subfield code="z">1448</subfield>
        </datafield>
        <datafield ind1=" " ind2="" tag="852">
            <subfield code="p">37741100016540</subfield>
            <subfield code="a">Library</subfield>
            <subfield code="x">COPYID:134</subfield>
            <subfield code="x">FSC@aRegular@c19970407</subfield>
            <subfield code="h">497.4165 V254h 1976</subfield>
            <subfield code="z">1451</subfield>
        </datafield>
    </record>