
    <record>
        <leader>00730nam a2200205 i 4500</leader>
        <controlfield tag="008">960530r19921887ii            000 0 mul d</controlfield>
        <datafield ind1=" " ind2="" tag="020">
            <subfield code="a">8170490588</subfield>
        </datafield>
        <datafield ind1=" " ind2="" tag="040">
            <subfield code="a">TxDaGIAL</subfield>
            <subfield code="c">TxDaGIAL</subfield>
        </datafield>
        <datafield ind1="1" ind2=" " tag="041">
            <subfield code="a">engmul</subfield>
        </datafield>
        <datafield ind1="1" ind2=" " tag="100">
            <subfield code="a">Portman, M. V.</subfield>
            <subfield code="q">(Maurice Vidal),</subfield>
            <subfield code="d">1860-1935.</subfield>
        </datafield>
        <datafield ind1="1" ind2="0" tag="245">
            <subfield code="a">A manual of the Andamanese languages /</subfield>
            <subfield code="c">M.V. Portman.</subfield>
        </datafield>
        <datafield ind1=" " ind2="" tag="260">
            <subfield code="a">Delhi :</subfield>
            <subfield code="b">Manas Publications,</subfield>
            <subfield code="c">1992, 1887.</subfield>
        </datafield>
        <datafield ind1=" " ind2="" tag="300">
            <subfield code="a">vi, 229 p. ;</subfield>
            <subfield code="c">23 cm.</subfield>
        </datafield>
        <datafield ind1=" " ind2="" tag="500">
            <subfield code="a">First published, 1887. Reprinted, 1992.</subfield>
        </datafield>
        <datafield ind1=" " ind2="0" tag="650">
            <subfield code="a">Andamanese language.</subfield>
        </datafield>
        <datafield ind1=" " ind2="" tag="035">
            <subfield code="a">(TxDaGIAL)37741100011646</subfield>
        </datafield>
        <controlfield tag="005">20080624154322.0</controlfield>
        <controlfield tag="001">130</controlfield>
        <controlfield tag="003">TxDaGIAL</controlfield>
        <datafield ind1=" " ind2="" tag="852">
            <subfield code="p">37741100011646</subfield>
            <subfield code="a">Library</subfield>
            <subfield code="9">$16.00</subfield>
            <subfield code="x">FUND:Ling</subfield>
            <subfield code="x">COPYID:135</subfield>
            <subfield code="x">FSC@aRegular@c19960528</subfield>
            <subfield code="h">495.93 P853m 1992</subfield>
            <subfield code="z">Indian Book Centre  3-95</subfield>
        </datafield>
    </record>