
    <record>
        <leader>01188cam a2200301 i 4500</leader>
        <controlfield tag="008">770915s1977    mdua     b    00110 eng  </controlfield>
        <datafield ind1=" " ind2="" tag="010">
            <subfield code="a">   77075915 //r85</subfield>
        </datafield>
        <datafield ind1=" " ind2="" tag="020">
            <subfield code="a">0884990664</subfield>
        </datafield>
        <datafield ind1=" " ind2="" tag="040">
            <subfield code="a">DLC</subfield>
            <subfield code="c">DLC</subfield>
            <subfield code="d">TxDaGIAL</subfield>
        </datafield>
        <datafield ind1="0" ind2=" " tag="050">
            <subfield code="a">P121</subfield>
            <subfield code="b">.H44 1977</subfield>
        </datafield>
        <datafield ind1=" " ind2="" tag="082">
            <subfield code="a">410</subfield>
        </datafield>
        <datafield ind1="1" ind2="0" tag="100">
            <subfield code="a">Hayes, Curtis W.</subfield>
        </datafield>
        <datafield ind1="1" ind2="0" tag="245">
            <subfield code="a">ABC's of languages and linguistics :</subfield>
            <subfield code="b">a practical primer to language science in today's world /</subfield>
            <subfield code="c">by Curtis W. Hayes, Jacob Ornstein, William W. Gage.</subfield>
        </datafield>
        <datafield ind1=" " ind2="" tag="250">
            <subfield code="a">New, rev., and expanded ed.</subfield>
        </datafield>
        <datafield ind1="0" ind2=" " tag="260">
            <subfield code="a">Silver Spring, Md. :</subfield>
            <subfield code="b">Institute of Modern Languages,</subfield>
            <subfield code="c">c1977.</subfield>
        </datafield>
        <datafield ind1=" " ind2="" tag="300">
            <subfield code="a">ix, 195 p. :</subfield>
            <subfield code="b">ill. ;</subfield>
            <subfield code="c">26 cm.</subfield>
        </datafield>
        <datafield ind1=" " ind2="" tag="500">
            <subfield code="a">First ed. published in 1964 by J. Ornstein and W. W. Gage.</subfield>
        </datafield>
        <datafield ind1=" " ind2="" tag="504">
            <subfield code="a">Includes bibliographies and index.</subfield>
        </datafield>
        <datafield ind1=" " ind2="0" tag="650">
            <subfield code="a">Linguistics.</subfield>
        </datafield>
        <datafield ind1=" " ind2="0" tag="650">
            <subfield code="a">Language and languages.</subfield>
        </datafield>
        <datafield ind1="1" ind2="0" tag="700">
            <subfield code="a">Ornstein-Galicia, Jacob,</subfield>
            <subfield code="d">1915-</subfield>
            <subfield code="e">joint author.</subfield>
        </datafield>
        <datafield ind1="1" ind2="0" tag="700">
            <subfield code="a">Gage, William W.,</subfield>
            <subfield code="e">joint author.</subfield>
        </datafield>
        <datafield ind1="1" ind2="1" tag="700">
            <subfield code="a">Ornstein-Galicia, Jacob,</subfield>
            <subfield code="d">1915-</subfield>
            <subfield code="t">ABC's of languages and linguistics.</subfield>
        </datafield>
        <datafield ind1=" " ind2="" tag="035">
            <subfield code="a">(TxDaGIAL)37741100009826</subfield>
        </datafield>
        <controlfield tag="005">20080624154322.0</controlfield>
        <controlfield tag="001">132</controlfield>
        <controlfield tag="003">TxDaGIAL</controlfield>
        <datafield ind1=" " ind2="" tag="852">
            <subfield code="p">37741100009826</subfield>
            <subfield code="a">Library</subfield>
            <subfield code="x">COPYID:139</subfield>
            <subfield code="x">FSC@aRegular@c19951127</subfield>
            <subfield code="h">401 H417 1977</subfield>
            <subfield code="z">4747</subfield>
        </datafield>
    </record>