
    <record>
        <leader>00931cam a2200277 i 4500</leader>
        <controlfield tag="008">790502s1978    enka     b    00010 eng  </controlfield>
        <datafield ind1=" " ind2="" tag="010">
            <subfield code="a">   79303050 //r85</subfield>
        </datafield>
        <datafield ind1=" " ind2="" tag="015">
            <subfield code="a">GB78-16713</subfield>
        </datafield>
        <datafield ind1=" " ind2="" tag="020">
            <subfield code="a">0717508005</subfield>
        </datafield>
        <datafield ind1=" " ind2="" tag="040">
            <subfield code="a">DLC</subfield>
            <subfield code="c">DLC</subfield>
            <subfield code="d">TxDaGIAL</subfield>
        </datafield>
        <datafield ind1="0" ind2=" " tag="050">
            <subfield code="a">P123</subfield>
            <subfield code="b">.B39 1978</subfield>
        </datafield>
        <datafield ind1=" " ind2="" tag="082">
            <subfield code="a">410</subfield>
        </datafield>
        <datafield ind1="1" ind2="0" tag="100">
            <subfield code="a">Baucom, Kenneth L.</subfield>
        </datafield>
        <datafield ind1="1" ind2="4" tag="245">
            <subfield code="a">The ABCs of literacy :</subfield>
            <subfield code="b">lessons from linguistics /</subfield>
            <subfield code="c">Kenneth L. Baucom.</subfield>
        </datafield>
        <datafield ind1="0" ind2=" " tag="260">
            <subfield code="a">Amersham :</subfield>
            <subfield code="b">Hulton [for] the International Institute for Adult Literacy Methods,</subfield>
            <subfield code="c">1978.</subfield>
        </datafield>
        <datafield ind1=" " ind2="" tag="300">
            <subfield code="a">141 p. :</subfield>
            <subfield code="b">ill. ;</subfield>
            <subfield code="c">23 cm.</subfield>
        </datafield>
        <datafield ind1=" " ind2="0" tag="440">
            <subfield code="a">Literacy in development</subfield>
        </datafield>
        <datafield ind1=" " ind2="" tag="504">
            <subfield code="a">Bibliography: p. 132.</subfield>
        </datafield>
        <datafield ind1=" " ind2="0" tag="650">
            <subfield code="a">Linguistics.</subfield>
        </datafield>
        <datafield ind1=" " ind2="0" tag="650">
            <subfield code="a">Literacy.</subfield>
        </datafield>
        <datafield ind1="2" ind2="0" tag="710">
            <subfield code="a">International Institute for Adult Literacy Methods.</subfield>
        </datafield>
        <datafield ind1=" " ind2="" tag="035">
            <subfield code="a">(TxDaGIAL)37741100009660</subfield>
        </datafield>
        <controlfield tag="005">20080624154322.0</controlfield>
        <controlfield tag="001">133</controlfield>
        <controlfield tag="003">TxDaGIAL</controlfield>
        <datafield ind1=" " ind2="" tag="852">
            <subfield code="p">37741100009660</subfield>
            <subfield code="a">Library</subfield>
            <subfield code="x">COPYID:140</subfield>
            <subfield code="x">FSC@aRegular@c19951122</subfield>
            <subfield code="h">374.012 B337a 1978</subfield>
            <subfield code="z">5243</subfield>
        </datafield>
    </record>