
    <record>
        <leader>00790cam a2200229   4500</leader>
        <controlfield tag="008">721130s1973    miu      b    00010 eng  </controlfield>
        <datafield ind1=" " ind2="" tag="010">
            <subfield code="a">   72085570 //r85</subfield>
        </datafield>
        <datafield ind1=" " ind2="" tag="040">
            <subfield code="a">DLC</subfield>
            <subfield code="c">DLC</subfield>
            <subfield code="d">DLC</subfield>
            <subfield code="d">TxDaGIAL</subfield>
        </datafield>
        <datafield ind1="0" ind2=" " tag="050">
            <subfield code="a">BV4501.2</subfield>
            <subfield code="b">.R67 1973</subfield>
        </datafield>
        <datafield ind1=" " ind2="" tag="082">
            <subfield code="a">226/.5</subfield>
        </datafield>
        <datafield ind1="1" ind2="0" tag="100">
            <subfield code="a">Rosscup, James E.</subfield>
        </datafield>
        <datafield ind1="1" ind2="0" tag="245">
            <subfield code="a">Abiding in Christ: studies in John 15 /</subfield>
            <subfield code="c">by James E. Rosscup.</subfield>
        </datafield>
        <datafield ind1="0" ind2=" " tag="260">
            <subfield code="a">Grand Rapids, Mich. :</subfield>
            <subfield code="b">Zondervan Pub. House,</subfield>
            <subfield code="c">[1973]</subfield>
        </datafield>
        <datafield ind1=" " ind2="" tag="300">
            <subfield code="a">254 p. ;</subfield>
            <subfield code="c">22 cm.</subfield>
        </datafield>
        <datafield ind1=" " ind2="" tag="504">
            <subfield code="a">Includes bibliographical references.</subfield>
        </datafield>
        <datafield ind1=" " ind2="0" tag="650">
            <subfield code="a">Christian life.</subfield>
        </datafield>
        <datafield ind1="0" ind2="0" tag="630">
            <subfield code="a">Bible.</subfield>
            <subfield code="p">N.T.</subfield>
            <subfield code="p">John 15</subfield>
            <subfield code="x">Criticism, interpretation, etc.</subfield>
        </datafield>
        <datafield ind1=" " ind2="" tag="035">
            <subfield code="a">(TxDaGIAL)37741100001978</subfield>
        </datafield>
        <controlfield tag="005">20080624154322.0</controlfield>
        <controlfield tag="001">134</controlfield>
        <controlfield tag="003">TxDaGIAL</controlfield>
        <datafield ind1=" " ind2="" tag="852">
            <subfield code="p">37741100001978</subfield>
            <subfield code="a">Library</subfield>
            <subfield code="x">COPYID:141</subfield>
            <subfield code="x">FSC@aRegular@c19950306</subfield>
            <subfield code="h">226.5 R794a 1973</subfield>
            <subfield code="z">13274</subfield>
        </datafield>
    </record>