
    <record>
        <leader>00670nam a22001815  4500</leader>
        <controlfield tag="008">950509s1992    xx a          0     eng d</controlfield>
        <datafield ind1=" " ind2="" tag="020">
            <subfield code="c">$7.00</subfield>
        </datafield>
        <datafield ind1=" " ind2="" tag="040">
            <subfield code="a">TxDaGIAL</subfield>
            <subfield code="c">TxDaGIAL</subfield>
        </datafield>
        <datafield ind1="0" ind2="4" tag="245">
            <subfield code="a">The Able sampler :</subfield>
            <subfield code="b">a professional development guide for adult literacy practioners.</subfield>
        </datafield>
        <datafield ind1=" " ind2="" tag="260">
            <subfield code="a">Columbus, Ohio :</subfield>
            <subfield code="b">Center on Education and Training for Employment/OSU,</subfield>
            <subfield code="c">1991.</subfield>
        </datafield>
        <datafield ind1=" " ind2="" tag="300">
            <subfield code="a">80 p. :</subfield>
            <subfield code="b">ill. ;</subfield>
            <subfield code="c">28 cm.</subfield>
        </datafield>
        <datafield ind1=" " ind2="" tag="504">
            <subfield code="a">Includes bibliographies and index.</subfield>
        </datafield>
        <datafield ind1=" " ind2="0" tag="650">
            <subfield code="a">Adult education.</subfield>
        </datafield>
        <datafield ind1=" " ind2="" tag="035">
            <subfield code="a">(TxDaGIAL)37741100004676</subfield>
        </datafield>
        <controlfield tag="005">20080624154322.0</controlfield>
        <controlfield tag="001">135</controlfield>
        <controlfield tag="003">TxDaGIAL</controlfield>
        <datafield ind1=" " ind2="" tag="852">
            <subfield code="p">37741100004676</subfield>
            <subfield code="a">Library</subfield>
            <subfield code="9">$6.09</subfield>
            <subfield code="x">COPYID:142</subfield>
            <subfield code="x">FSC@aRegular@c19950605</subfield>
            <subfield code="h">374 A152 1991</subfield>
            <subfield code="z">B/T 5-95</subfield>
        </datafield>
    </record>