
    <record>
        <leader>00914cam a2200253 a 4500</leader>
        <controlfield tag="008">860403s1985    at       b    00000 eng  </controlfield>
        <datafield ind1=" " ind2="" tag="010">
            <subfield code="a">   86140405 //r90</subfield>
        </datafield>
        <datafield ind1=" " ind2="" tag="020">
            <subfield code="a">0868923222 (pbk.) :</subfield>
            <subfield code="c">$4.75</subfield>
        </datafield>
        <datafield ind1=" " ind2="" tag="040">
            <subfield code="a">DLC</subfield>
            <subfield code="c">DLC</subfield>
            <subfield code="d">DLC</subfield>
        </datafield>
        <datafield ind1="0" ind2="0" tag="050">
            <subfield code="a">PL7003</subfield>
            <subfield code="b">.A26 1985</subfield>
        </datafield>
        <datafield ind1="0" ind2="0" tag="082">
            <subfield code="a">499/.15</subfield>
            <subfield code="2">19</subfield>
        </datafield>
        <datafield ind1="0" ind2="0" tag="245">
            <subfield code="a">Aboriginal and islander grammars :</subfield>
            <subfield code="b">collected papers /</subfield>
            <subfield code="c">editor, S. Ray.</subfield>
        </datafield>
        <datafield ind1="0" ind2=" " tag="260">
            <subfield code="a">Darwin :</subfield>
            <subfield code="b">Summer Institute of Linguistics, Australian Aborigines Branch,</subfield>
            <subfield code="c">[1985]</subfield>
        </datafield>
        <datafield ind1=" " ind2="" tag="300">
            <subfield code="a">vii, 118 p. ;</subfield>
            <subfield code="c">26 cm.</subfield>
        </datafield>
        <datafield ind1=" " ind2="0" tag="440">
            <subfield code="a">Work papers of SIL-AAB.</subfield>
            <subfield code="x">0810-9971.</subfield>
            <subfield code="n">Series A. ;</subfield>
            <subfield code="v">v. 9</subfield>
        </datafield>
        <datafield ind1=" " ind2="" tag="500">
            <subfield code="a">"November 1985."</subfield>
        </datafield>
        <datafield ind1=" " ind2="" tag="504">
            <subfield code="a">Bibliography: p. 117-118.</subfield>
        </datafield>
        <datafield ind1=" " ind2="0" tag="650">
            <subfield code="a">Australian languages</subfield>
            <subfield code="x">Grammar.</subfield>
        </datafield>
        <datafield ind1="1" ind2="0" tag="700">
            <subfield code="a">Ray, S.</subfield>
            <subfield code="q">(Sandra),</subfield>
            <subfield code="d">1945-</subfield>
        </datafield>
        <datafield ind1=" " ind2="" tag="035">
            <subfield code="a">(TxDaGIAL)37741100010948</subfield>
        </datafield>
        <controlfield tag="005">20080624154323.0</controlfield>
        <controlfield tag="001">136</controlfield>
        <controlfield tag="003">TxDaGIAL</controlfield>
        <datafield ind1=" " ind2="" tag="852">
            <subfield code="p">37741100010948</subfield>
            <subfield code="a">Library</subfield>
            <subfield code="x">COPYID:143</subfield>
            <subfield code="x">FSC@aRegular@c19960410</subfield>
            <subfield code="h">499.15 A154 1985</subfield>
            <subfield code="z">12070</subfield>
        </datafield>
    </record>