
    <record>
        <leader>00761cam a2200229 i 4500</leader>
        <controlfield tag="008">740124s1974    nyu      b    00010 eng  </controlfield>
        <datafield ind1=" " ind2="" tag="010">
            <subfield code="a">   73020768 //r85</subfield>
        </datafield>
        <datafield ind1=" " ind2="" tag="020">
            <subfield code="a">0394492013</subfield>
        </datafield>
        <datafield ind1=" " ind2="" tag="040">
            <subfield code="a">DLC</subfield>
            <subfield code="c">DLC</subfield>
            <subfield code="d">TxDaGIAL</subfield>
        </datafield>
        <datafield ind1="0" ind2=" " tag="050">
            <subfield code="a">BF199</subfield>
            <subfield code="b">.S54 1974</subfield>
        </datafield>
        <datafield ind1=" " ind2="" tag="082">
            <subfield code="a">150/.19/434</subfield>
        </datafield>
        <datafield ind1="1" ind2="0" tag="100">
            <subfield code="a">Skinner, B. F.</subfield>
            <subfield code="q">(Burrhus Frederic),</subfield>
            <subfield code="d">1904-</subfield>
        </datafield>
        <datafield ind1="1" ind2="0" tag="245">
            <subfield code="a">About behaviorism /</subfield>
            <subfield code="c">B. F. Skinner.</subfield>
        </datafield>
        <datafield ind1="0" ind2=" " tag="260">
            <subfield code="a">New York :</subfield>
            <subfield code="b">Knopf; [distributed by Random House],</subfield>
            <subfield code="c">1974.</subfield>
        </datafield>
        <datafield ind1=" " ind2="" tag="300">
            <subfield code="a">256, viii p. ;</subfield>
            <subfield code="c">22 cm.</subfield>
        </datafield>
        <datafield ind1=" " ind2="" tag="504">
            <subfield code="a">Includes bibliographical references.</subfield>
        </datafield>
        <datafield ind1=" " ind2="0" tag="650">
            <subfield code="a">Behaviorism (Psychology)</subfield>
        </datafield>
        <datafield ind1=" " ind2="" tag="035">
            <subfield code="a">(TxDaGIAL)37741100005722</subfield>
        </datafield>
        <controlfield tag="005">20080624154323.0</controlfield>
        <controlfield tag="001">137</controlfield>
        <controlfield tag="003">TxDaGIAL</controlfield>
        <datafield ind1=" " ind2="" tag="852">
            <subfield code="p">37741100005722</subfield>
            <subfield code="a">Library</subfield>
            <subfield code="x">COPYID:144</subfield>
            <subfield code="x">FSC@aRegular@c19950711</subfield>
            <subfield code="h">150.19 S628a 1974</subfield>
            <subfield code="z">8058</subfield>
        </datafield>
    </record>