
    <record>
        <leader>00871cam a2200277 i 4500</leader>
        <controlfield tag="008">710930s1971    enk      b    00010 eng  </controlfield>
        <datafield ind1=" " ind2="" tag="010">
            <subfield code="a">   78028691</subfield>
        </datafield>
        <datafield ind1=" " ind2="" tag="015">
            <subfield code="a">B***</subfield>
        </datafield>
        <datafield ind1=" " ind2="" tag="020">
            <subfield code="a">0140211314 :</subfield>
            <subfield code="c">$1.95 (U.S.)</subfield>
        </datafield>
        <datafield ind1=" " ind2="" tag="040">
            <subfield code="a">DLC</subfield>
            <subfield code="c">DLC</subfield>
            <subfield code="d">TxDaGIAL</subfield>
        </datafield>
        <datafield ind1="0" ind2=" " tag="050">
            <subfield code="a">PL1111</subfield>
            <subfield code="b">.N4</subfield>
        </datafield>
        <datafield ind1=" " ind2="" tag="082">
            <subfield code="a">495.1</subfield>
        </datafield>
        <datafield ind1="1" ind2="0" tag="100">
            <subfield code="a">Newnham, Richard,</subfield>
            <subfield code="d">1932-</subfield>
        </datafield>
        <datafield ind1="1" ind2="0" tag="245">
            <subfield code="a">About Chinese /</subfield>
            <subfield code="c">by Richard Newnham. Helped by Tan Lin-tung.</subfield>
        </datafield>
        <datafield ind1="0" ind2=" " tag="260">
            <subfield code="a">[Harmondsworth, Eng.] :</subfield>
            <subfield code="b">Penguin Books,</subfield>
            <subfield code="c">c1971.</subfield>
        </datafield>
        <datafield ind1=" " ind2="" tag="300">
            <subfield code="a">188 p. ;</subfield>
            <subfield code="c">18 cm.</subfield>
        </datafield>
        <datafield ind1="0" ind2=" " tag="490">
            <subfield code="a">Pelican books, A1131</subfield>
        </datafield>
        <datafield ind1=" " ind2="" tag="500">
            <subfield code="a">Added t.p. in Chinese.</subfield>
        </datafield>
        <datafield ind1=" " ind2="" tag="504">
            <subfield code="a">Bibliography: p. 176-188.</subfield>
        </datafield>
        <datafield ind1=" " ind2="0" tag="650">
            <subfield code="a">Chinese language</subfield>
            <subfield code="x">Grammar.</subfield>
        </datafield>
        <datafield ind1="1" ind2="0" tag="700">
            <subfield code="a">Tan, Lin-tung.</subfield>
        </datafield>
        <datafield ind1=" " ind2="" tag="035">
            <subfield code="a">(TxDaGIAL)37741100008762</subfield>
        </datafield>
        <controlfield tag="005">20080624154323.0</controlfield>
        <controlfield tag="001">138</controlfield>
        <controlfield tag="003">TxDaGIAL</controlfield>
        <datafield ind1=" " ind2="" tag="852">
            <subfield code="p">37741100008762</subfield>
            <subfield code="a">Library</subfield>
            <subfield code="x">COPYID:145</subfield>
            <subfield code="x">FSC@aRegular@c19951016</subfield>
            <subfield code="h">495.1 N557a 1971</subfield>
            <subfield code="z">13006</subfield>
        </datafield>
    </record>