
    <record>
        <leader>00810nam a2200241 a 4500</leader>
        <controlfield tag="008">971022s1996    ilua          000 0 eng d</controlfield>
        <datafield ind1=" " ind2="" tag="020">
            <subfield code="a">096089926x</subfield>
        </datafield>
        <datafield ind1=" " ind2="" tag="040">
            <subfield code="a">TxDaGIAL</subfield>
            <subfield code="c">TxDaGIAL</subfield>
        </datafield>
        <datafield ind1="0" ind2="4" tag="082">
            <subfield code="a">370.1523</subfield>
            <subfield code="2">21</subfield>
        </datafield>
        <datafield ind1="1" ind2=" " tag="100">
            <subfield code="a">McCarthy, Bernice.</subfield>
        </datafield>
        <datafield ind1="1" ind2="0" tag="245">
            <subfield code="a">About learning /</subfield>
            <subfield code="c">by Bernice McCarthy; illustrated by Carol Keene.</subfield>
        </datafield>
        <datafield ind1=" " ind2="" tag="260">
            <subfield code="a">Barrington, Ill. :</subfield>
            <subfield code="b">Excel,</subfield>
            <subfield code="c">c1996.</subfield>
        </datafield>
        <datafield ind1=" " ind2="" tag="300">
            <subfield code="a">vii, 452 p. :</subfield>
            <subfield code="b">ill. ;</subfield>
            <subfield code="c">24 cm.</subfield>
        </datafield>
        <datafield ind1=" " ind2="" tag="500">
            <subfield code="a">Includes index.</subfield>
        </datafield>
        <datafield ind1=" " ind2="" tag="504">
            <subfield code="a">Bibliography: p. 445-45o.</subfield>
        </datafield>
        <datafield ind1=" " ind2="" tag="546">
            <subfield code="a">English.</subfield>
        </datafield>
        <datafield ind1=" " ind2="0" tag="650">
            <subfield code="a">Learning.</subfield>
        </datafield>
        <datafield ind1=" " ind2="0" tag="650">
            <subfield code="a">Learning, Psychology of.</subfield>
        </datafield>
        <datafield ind1=" " ind2="" tag="035">
            <subfield code="a">(TxDaGIAL)37741100021282</subfield>
        </datafield>
        <controlfield tag="005">20080624154323.0</controlfield>
        <controlfield tag="001">139</controlfield>
        <controlfield tag="003">TxDaGIAL</controlfield>
        <datafield ind1=" " ind2="" tag="852">
            <subfield code="p">37741100021282</subfield>
            <subfield code="a">Library</subfield>
            <subfield code="9">$29.95</subfield>
            <subfield code="x">FUND:LD-Lite</subfield>
            <subfield code="x">COPYID:146</subfield>
            <subfield code="x">FSC@aRegular@c19971022</subfield>
            <subfield code="h">370.1523 M116a 1996</subfield>
            <subfield code="z">Dir. Excel Service Center 10-97</subfield>
        </datafield>
    </record>