
    <record>
        <leader>00945cam a2200265 a 4500</leader>
        <controlfield tag="008">900928s1991    enk      b    00110 eng  </controlfield>
        <datafield ind1=" " ind2="" tag="010">
            <subfield code="a">   90013584</subfield>
        </datafield>
        <datafield ind1=" " ind2="" tag="020">
            <subfield code="a">1853591181 :</subfield>
            <subfield code="c">$79.00 (U.S.)</subfield>
        </datafield>
        <datafield ind1=" " ind2="" tag="020">
            <subfield code="a">1853591173 (pbk.) :</subfield>
            <subfield code="c">$27.00 (U.S.)</subfield>
        </datafield>
        <datafield ind1=" " ind2="" tag="040">
            <subfield code="a">DLC</subfield>
            <subfield code="c">DLC</subfield>
            <subfield code="d">DLC</subfield>
        </datafield>
        <datafield ind1="0" ind2="0" tag="050">
            <subfield code="a">P306</subfield>
            <subfield code="b">.N468 1991</subfield>
        </datafield>
        <datafield ind1="0" ind2="0" tag="082">
            <subfield code="a">418/.02</subfield>
            <subfield code="2">20</subfield>
        </datafield>
        <datafield ind1="1" ind2="0" tag="100">
            <subfield code="a">Newmark, Peter,</subfield>
            <subfield code="d">1916-</subfield>
        </datafield>
        <datafield ind1="1" ind2="0" tag="245">
            <subfield code="a">About translation /</subfield>
            <subfield code="c">Peter Newmark.</subfield>
        </datafield>
        <datafield ind1="0" ind2=" " tag="260">
            <subfield code="a">Clevedon [England] ;</subfield>
            <subfield code="a">Philadelphia :</subfield>
            <subfield code="b">Multilingual Matters,</subfield>
            <subfield code="c">c1991.</subfield>
        </datafield>
        <datafield ind1=" " ind2="" tag="300">
            <subfield code="a">viii, 184 p. ;</subfield>
            <subfield code="c">22 cm.</subfield>
        </datafield>
        <datafield ind1="1" ind2=" " tag="490">
            <subfield code="a">Multilingual matters ;</subfield>
            <subfield code="v">74</subfield>
        </datafield>
        <datafield ind1=" " ind2="" tag="504">
            <subfield code="a">Includes bibliographical references (p. 175-178) and index.</subfield>
        </datafield>
        <datafield ind1=" " ind2="0" tag="650">
            <subfield code="a">Translating and interpreting.</subfield>
        </datafield>
        <datafield ind1=" " ind2="0" tag="830">
            <subfield code="a">Multilingual matters (Series) ;</subfield>
            <subfield code="v">74.</subfield>
        </datafield>
        <datafield ind1=" " ind2="" tag="035">
            <subfield code="a">(TxDaGIAL)37741100004885</subfield>
        </datafield>
        <controlfield tag="005">20080624154323.0</controlfield>
        <controlfield tag="001">140</controlfield>
        <controlfield tag="003">TxDaGIAL</controlfield>
        <datafield ind1=" " ind2="" tag="852">
            <subfield code="p">37741100004885</subfield>
            <subfield code="a">Library</subfield>
            <subfield code="9">$30.40</subfield>
            <subfield code="x">COPYID:147</subfield>
            <subfield code="x">FSC@aRegular@c19950612</subfield>
            <subfield code="h">418.02 N556a 1991</subfield>
            <subfield code="z">B/T 6-92</subfield>
        </datafield>
    </record>