
    <record>
        <leader>01085nam a2200289 a 4500</leader>
        <controlfield tag="008">850301s1982    sw a     b    00010 eng  </controlfield>
        <datafield ind1=" " ind2="" tag="010">
            <subfield code="a">   85124443</subfield>
        </datafield>
        <datafield ind1=" " ind2="" tag="020">
            <subfield code="a">9185214094 (pbk.)</subfield>
        </datafield>
        <datafield ind1=" " ind2="" tag="040">
            <subfield code="a">DLC</subfield>
            <subfield code="c">DLC</subfield>
            <subfield code="d">DLC</subfield>
            <subfield code="d">TxDaGIAL</subfield>
        </datafield>
        <datafield ind1="0" ind2=" " tag="050">
            <subfield code="a">GN496</subfield>
            <subfield code="b">.F84 1982</subfield>
        </datafield>
        <datafield ind1="0" ind2="4" tag="082">
            <subfield code="a">303.482</subfield>
            <subfield code="2">20</subfield>
        </datafield>
        <datafield ind1="1" ind2="0" tag="100">
            <subfield code="a">Fuglesang, Andreas.</subfield>
        </datafield>
        <datafield ind1="1" ind2="0" tag="245">
            <subfield code="a">About understanding :</subfield>
            <subfield code="b">ideas and observations on cross-cultural communication /</subfield>
            <subfield code="c">by Andreas Fuglesang.</subfield>
        </datafield>
        <datafield ind1="0" ind2=" " tag="260">
            <subfield code="a">Uppsala, Sweden :</subfield>
            <subfield code="b">Dag Hammarskj&#169;&#339;ld Foundation,</subfield>
            <subfield code="c">1982.</subfield>
        </datafield>
        <datafield ind1=" " ind2="" tag="300">
            <subfield code="a">231 p. :</subfield>
            <subfield code="b">ill. ;</subfield>
            <subfield code="c">21 cm.</subfield>
        </datafield>
        <datafield ind1=" " ind2="" tag="500">
            <subfield code="a">Updated expansion of: Applied communication in developing countries.</subfield>
        </datafield>
        <datafield ind1=" " ind2="" tag="504">
            <subfield code="a">Bibliography: p. 229-231.</subfield>
        </datafield>
        <datafield ind1=" " ind2="0" tag="650">
            <subfield code="a">Intercultural communication.</subfield>
        </datafield>
        <datafield ind1=" " ind2="0" tag="650">
            <subfield code="a">Ethnopsychology.</subfield>
        </datafield>
        <datafield ind1=" " ind2="0" tag="650">
            <subfield code="a">Language and culture.</subfield>
        </datafield>
        <datafield ind1=" " ind2="0" tag="650">
            <subfield code="a">Communication</subfield>
            <subfield code="z">Africa.</subfield>
        </datafield>
        <datafield ind1="1" ind2="1" tag="700">
            <subfield code="a">Fuglesang, Andreas.</subfield>
            <subfield code="t">Applied communication in developing countries.</subfield>
        </datafield>
        <datafield ind1=" " ind2="" tag="035">
            <subfield code="a">(TxDaGIAL)37741100001075</subfield>
        </datafield>
        <controlfield tag="005">20080624154324.0</controlfield>
        <controlfield tag="001">141</controlfield>
        <controlfield tag="003">TxDaGIAL</controlfield>
        <datafield ind1=" " ind2="" tag="852">
            <subfield code="p">37741100001075</subfield>
            <subfield code="a">Library</subfield>
            <subfield code="x">COPYID:148</subfield>
            <subfield code="x">FSC@aRegular@c19950110</subfield>
            <subfield code="h">303.482 F958a 1982</subfield>
            <subfield code="z">9907</subfield>
        </datafield>
    </record>