
    <record>
        <leader>01095pam a2200301 a 4500</leader>
        <controlfield tag="008">900622s1990    enk      b    00110 eng  </controlfield>
        <datafield ind1=" " ind2="" tag="010">
            <subfield code="a">   89077315</subfield>
        </datafield>
        <datafield ind1=" " ind2="" tag="020">
            <subfield code="a">0080402569 (text) :</subfield>
            <subfield code="c">$83.00</subfield>
        </datafield>
        <datafield ind1=" " ind2="" tag="040">
            <subfield code="a">DLC</subfield>
            <subfield code="c">DLC</subfield>
            <subfield code="d">DLC</subfield>
        </datafield>
        <datafield ind1="0" ind2="0" tag="050">
            <subfield code="a">P128.T94</subfield>
            <subfield code="b">H8 1990</subfield>
        </datafield>
        <datafield ind1="0" ind2="0" tag="082">
            <subfield code="a">410</subfield>
            <subfield code="2">20</subfield>
        </datafield>
        <datafield ind1="1" ind2="0" tag="100">
            <subfield code="a">Hutton, Christopher.</subfield>
        </datafield>
        <datafield ind1="1" ind2="0" tag="245">
            <subfield code="a">Abstraction and instance :</subfield>
            <subfield code="b">the type-token relation in linguistic theory /</subfield>
            <subfield code="c">by Christopher Hutton.</subfield>
        </datafield>
        <datafield ind1=" " ind2="" tag="250">
            <subfield code="a">1st ed.</subfield>
        </datafield>
        <datafield ind1="0" ind2=" " tag="260">
            <subfield code="a">Oxford [England] ;</subfield>
            <subfield code="a">New York :</subfield>
            <subfield code="b">Pergamon Press,</subfield>
            <subfield code="c">1990.</subfield>
        </datafield>
        <datafield ind1=" " ind2="" tag="300">
            <subfield code="a">viii, 180 p. ;</subfield>
            <subfield code="c">24 cm.</subfield>
        </datafield>
        <datafield ind1=" " ind2="0" tag="440">
            <subfield code="a">Language &amp; communication library ;</subfield>
            <subfield code="v">v. 11</subfield>
        </datafield>
        <datafield ind1=" " ind2="" tag="500">
            <subfield code="a">Cover title: Abstraction &amp; instance.</subfield>
        </datafield>
        <datafield ind1=" " ind2="" tag="504">
            <subfield code="a">Includes bibliographical references (p. 169-175) and indexes.</subfield>
        </datafield>
        <datafield ind1=" " ind2="0" tag="650">
            <subfield code="a">Type and token (Linguistics)</subfield>
        </datafield>
        <datafield ind1=" " ind2="0" tag="650">
            <subfield code="a">Linguistic analysis (Linguistics)</subfield>
        </datafield>
        <datafield ind1=" " ind2="0" tag="650">
            <subfield code="a">Aesthetics.</subfield>
        </datafield>
        <datafield ind1="0" ind2="1" tag="740">
            <subfield code="a">Abstraction &amp; instance.</subfield>
        </datafield>
        <datafield ind1=" " ind2="" tag="035">
            <subfield code="a">(TxDaGIAL)37741100003208</subfield>
        </datafield>
        <controlfield tag="005">20080624154324.0</controlfield>
        <controlfield tag="001">142</controlfield>
        <controlfield tag="003">TxDaGIAL</controlfield>
        <datafield ind1=" " ind2="" tag="852">
            <subfield code="p">37741100003208</subfield>
            <subfield code="a">Library</subfield>
            <subfield code="9">$72.21</subfield>
            <subfield code="x">COPYID:149</subfield>
            <subfield code="x">FSC@aRegular@c19950801</subfield>
            <subfield code="h">410 H984a 1990</subfield>
            <subfield code="z">B/T  7-95</subfield>
        </datafield>
    </record>