
    <record>
        <leader>00935cam a2200277   4500</leader>
        <controlfield tag="008">860926s1965    wiu      b    00110 eng  </controlfield>
        <datafield ind1=" " ind2="" tag="010">
            <subfield code="a">   65016368</subfield>
        </datafield>
        <datafield ind1=" " ind2="" tag="035">
            <subfield code="a">NYCX86-B141192</subfield>
        </datafield>
        <datafield ind1=" " ind2="" tag="035">
            <subfield code="a">(CStRLIN)</subfield>
        </datafield>
        <datafield ind1=" " ind2="" tag="040">
            <subfield code="a">DLC</subfield>
            <subfield code="c">NBmK</subfield>
            <subfield code="d">NBiSU</subfield>
            <subfield code="d">CStRLIN</subfield>
            <subfield code="d">NIC</subfield>
        </datafield>
        <datafield ind1="0" ind2=" " tag="050">
            <subfield code="a">B73</subfield>
            <subfield code="b">.W4</subfield>
        </datafield>
        <datafield ind1="0" ind2=" " tag="082">
            <subfield code="a">108</subfield>
        </datafield>
        <datafield ind1="1" ind2="0" tag="100">
            <subfield code="a">Weinberg, Julius R.</subfield>
            <subfield code="q">(Julius Rudolph),</subfield>
            <subfield code="d">1908-1971.</subfield>
        </datafield>
        <datafield ind1="1" ind2="0" tag="245">
            <subfield code="a">Abstraction, relation, and induction :</subfield>
            <subfield code="b">three essays in the history of thought /</subfield>
            <subfield code="c">[by] Julius R. Weinberg.</subfield>
        </datafield>
        <datafield ind1="0" ind2=" " tag="260">
            <subfield code="a">Madison :</subfield>
            <subfield code="b">University of Wisconsin Press,</subfield>
            <subfield code="c">1965.</subfield>
        </datafield>
        <datafield ind1=" " ind2="" tag="300">
            <subfield code="a">xii, 156 p. ;</subfield>
            <subfield code="c">23 cm.</subfield>
        </datafield>
        <datafield ind1=" " ind2="" tag="500">
            <subfield code="a">Bibliographical footnotes.</subfield>
        </datafield>
        <datafield ind1=" " ind2="0" tag="650">
            <subfield code="a">Philosophy</subfield>
            <subfield code="x">History.</subfield>
        </datafield>
        <datafield ind1=" " ind2="0" tag="650">
            <subfield code="a">Abstraction.</subfield>
        </datafield>
        <datafield ind1=" " ind2="0" tag="650">
            <subfield code="a">Relation (Philosophy)</subfield>
        </datafield>
        <datafield ind1=" " ind2="0" tag="650">
            <subfield code="a">Induction (Logic)</subfield>
        </datafield>
        <datafield ind1=" " ind2="" tag="035">
            <subfield code="a">(TxDaGIAL)37741100013223</subfield>
        </datafield>
        <controlfield tag="005">20080624154324.0</controlfield>
        <controlfield tag="001">143</controlfield>
        <controlfield tag="003">TxDaGIAL</controlfield>
        <datafield ind1=" " ind2="" tag="852">
            <subfield code="p">37741100013223</subfield>
            <subfield code="a">Library</subfield>
            <subfield code="x">COPYID:150</subfield>
            <subfield code="x">FSC@aRegular@c19960916</subfield>
            <subfield code="h">108 W423a 1965</subfield>
            <subfield code="z">4713</subfield>
        </datafield>
    </record>