
    <record>
        <leader>00993cas a2200313   4500</leader>
        <controlfield tag="008">750720c19709999ctubx1   a    0   a0eng d</controlfield>
        <datafield ind1=" " ind2="" tag="010">
            <subfield code="a">   77020528</subfield>
        </datafield>
        <datafield ind1=" " ind2="" tag="022">
            <subfield code="a">0001-3455</subfield>
        </datafield>
        <datafield ind1=" " ind2="" tag="035">
            <subfield code="a">(OCoLC)1460581</subfield>
        </datafield>
        <datafield ind1=" " ind2="" tag="035">
            <subfield code="a">(DNLM)A01200000(s)</subfield>
        </datafield>
        <datafield ind1=" " ind2="" tag="040">
            <subfield code="a">MnMULS</subfield>
            <subfield code="c">MnMULS</subfield>
            <subfield code="d">NAlULS</subfield>
            <subfield code="d">NSDP</subfield>
            <subfield code="d">DLC</subfield>
            <subfield code="d">NSDP</subfield>
            <subfield code="d">OCoLC</subfield>
            <subfield code="d">OCoLC</subfield>
        </datafield>
        <datafield ind1=" " ind2="" tag="042">
            <subfield code="a">nsdp</subfield>
            <subfield code="a">lc</subfield>
        </datafield>
        <datafield ind1="0" ind2="0" tag="050">
            <subfield code="a">GN1</subfield>
            <subfield code="b">.A15</subfield>
        </datafield>
        <datafield ind1="0" ind2=" " tag="060">
            <subfield code="a">Z 5112 A164</subfield>
        </datafield>
        <datafield ind1=" " ind2="" tag="082">
            <subfield code="a">306/.05</subfield>
        </datafield>
        <datafield ind1=" " ind2="0" tag="222">
            <subfield code="a">Abstracts in anthropology.</subfield>
        </datafield>
        <datafield ind1="0" ind2="0" tag="245">
            <subfield code="a">Abstracts in anthropology.</subfield>
        </datafield>
        <datafield ind1=" " ind2="" tag="260">
            <subfield code="a">[Westport, Conn.] :</subfield>
            <subfield code="b">Greenwood Press [etc.]</subfield>
        </datafield>
        <datafield ind1=" " ind2="" tag="300">
            <subfield code="a">v. ;</subfield>
            <subfield code="c">26 cm.</subfield>
        </datafield>
        <datafield ind1=" " ind2="" tag="310">
            <subfield code="a">8 issues a year, in two volumes,</subfield>
            <subfield code="b">1987</subfield>
        </datafield>
        <datafield ind1=" " ind2="" tag="321">
            <subfield code="a">Quarterly,</subfield>
            <subfield code="b"> -1986.</subfield>
        </datafield>
        <datafield ind1="0" ind2=" " tag="362">
            <subfield code="a">v. 1-   Feb. 1970-</subfield>
        </datafield>
        <datafield ind1=" " ind2="0" tag="650">
            <subfield code="a">Anthropology</subfield>
            <subfield code="v">Abstracts</subfield>
            <subfield code="v">Periodicals.</subfield>
        </datafield>
        <datafield ind1=" " ind2="0" tag="650">
            <subfield code="a">Language and languages</subfield>
            <subfield code="v">Abstracts</subfield>
            <subfield code="v">Periodicals.</subfield>
        </datafield>
        <datafield ind1=" " ind2="" tag="035">
            <subfield code="a">(TxDaGIAL)37741200000037</subfield>
        </datafield>
        <controlfield tag="005">20080624154324.0</controlfield>
        <controlfield tag="001">144</controlfield>
        <controlfield tag="003">TxDaGIAL</controlfield>
        <datafield ind1=" " ind2="" tag="852">
            <subfield code="p">37741200000037</subfield>
            <subfield code="a">Library</subfield>
            <subfield code="x">COPYID:151</subfield>
            <subfield code="x">FSC@aReference@c19950131</subfield>
            <subfield code="h">REF 306.05 A164</subfield>
        </datafield>
    </record>