
    <record>
        <leader>01101nam a2200277 a 4500</leader>
        <controlfield tag="008">851029s1983    ne a     b    10110 eng c</controlfield>
        <datafield ind1=" " ind2="" tag="010">
            <subfield code="a">   85673430</subfield>
        </datafield>
        <datafield ind1=" " ind2="" tag="020">
            <subfield code="a">9070176890 (pbk.)</subfield>
        </datafield>
        <datafield ind1=" " ind2="" tag="040">
            <subfield code="a">MH</subfield>
            <subfield code="c">MH</subfield>
        </datafield>
        <datafield ind1="0" ind2=" " tag="041">
            <subfield code="a">engfreger</subfield>
        </datafield>
        <datafield ind1="1" ind2=" " tag="050">
            <subfield code="a">P221</subfield>
            <subfield code="b">.I57x 1983</subfield>
        </datafield>
        <datafield ind1="2" ind2="0" tag="111">
            <subfield code="a">International Congress of Phonetic Sciences</subfield>
            <subfield code="n">(10th :</subfield>
            <subfield code="d">1983 :</subfield>
            <subfield code="c">Utrecht, Netherlands)</subfield>
        </datafield>
        <datafield ind1="1" ind2="0" tag="245">
            <subfield code="a">Abstracts of the Tenth International Congress of Phonetic Sciences :</subfield>
            <subfield code="b">Utrecht, 1-6 August, 1983 /</subfield>
            <subfield code="c">[editors, A. Cohen and M.P.R. van den Broecke].</subfield>
        </datafield>
        <datafield ind1="0" ind2=" " tag="260">
            <subfield code="a">Dordrecht, Holland ;</subfield>
            <subfield code="a">Cinnaminson, U.S.A. :</subfield>
            <subfield code="b">Foris Publications,</subfield>
            <subfield code="c">1983.</subfield>
        </datafield>
        <datafield ind1=" " ind2="" tag="300">
            <subfield code="a">viii, 813 p. :</subfield>
            <subfield code="b">ill. ;</subfield>
            <subfield code="c">25 cm.</subfield>
        </datafield>
        <datafield ind1=" " ind2="0" tag="440">
            <subfield code="a">Netherlands phonetic archives ;</subfield>
            <subfield code="v">2A</subfield>
        </datafield>
        <datafield ind1=" " ind2="" tag="500">
            <subfield code="a">English, French, and German.</subfield>
        </datafield>
        <datafield ind1=" " ind2="" tag="504">
            <subfield code="a">Includes bibliographies and indexes.</subfield>
        </datafield>
        <datafield ind1=" " ind2="0" tag="650">
            <subfield code="a">Phonetics</subfield>
            <subfield code="v">Congresses.</subfield>
        </datafield>
        <datafield ind1="1" ind2="0" tag="700">
            <subfield code="a">Cohen, A.</subfield>
            <subfield code="q">(Antonie)</subfield>
        </datafield>
        <datafield ind1="1" ind2="0" tag="700">
            <subfield code="a">Broecke, M. P. R. van den.</subfield>
        </datafield>
        <datafield ind1=" " ind2="" tag="035">
            <subfield code="a">(TxDaGIAL)37741100011908</subfield>
        </datafield>
        <controlfield tag="005">20080624154324.0</controlfield>
        <controlfield tag="001">145</controlfield>
        <controlfield tag="003">TxDaGIAL</controlfield>
        <datafield ind1=" " ind2="" tag="852">
            <subfield code="p">37741100011908</subfield>
            <subfield code="a">Library</subfield>
            <subfield code="x">COPYID:152</subfield>
            <subfield code="x">FSC@aRegular@c19960613</subfield>
            <subfield code="h">414.0601 I61p 1983b</subfield>
            <subfield code="z">11985</subfield>
        </datafield>
    </record>