
    <record>
        <leader>00941nam a2200289 a 4500</leader>
        <controlfield tag="008">870501s1985    ii       b   f00010 eng  </controlfield>
        <datafield ind1=" " ind2="" tag="010">
            <subfield code="a">   87900852</subfield>
        </datafield>
        <datafield ind1=" " ind2="" tag="020">
            <subfield code="c">Rs22.00</subfield>
        </datafield>
        <datafield ind1=" " ind2="" tag="025">
            <subfield code="a">I E 54010</subfield>
        </datafield>
        <datafield ind1=" " ind2="" tag="040">
            <subfield code="a">DLC</subfield>
            <subfield code="c">DLC</subfield>
            <subfield code="d">TxDaGIAL</subfield>
        </datafield>
        <datafield ind1="0" ind2=" " tag="041">
            <subfield code="a">enggon</subfield>
        </datafield>
        <datafield ind1="0" ind2=" " tag="050">
            <subfield code="a">PL4634.Z9</subfield>
            <subfield code="b">A66 1985</subfield>
        </datafield>
        <datafield ind1="0" ind2=" " tag="082">
            <subfield code="a">494/.823/09543</subfield>
            <subfield code="2">19</subfield>
        </datafield>
        <datafield ind1="1" ind2="0" tag="100">
            <subfield code="a">Natarajan, G. V.</subfield>
        </datafield>
        <datafield ind1="1" ind2="0" tag="245">
            <subfield code="a">Abujhmaria grammar /</subfield>
            <subfield code="c">G.V. Natarajan.</subfield>
        </datafield>
        <datafield ind1="0" ind2=" " tag="260">
            <subfield code="a">Mysore :</subfield>
            <subfield code="b">Central Institute of Indian Languages,</subfield>
            <subfield code="c">1985.</subfield>
        </datafield>
        <datafield ind1=" " ind2="" tag="300">
            <subfield code="a">xiii, 335 p. ;</subfield>
            <subfield code="c">22 cm.</subfield>
        </datafield>
        <datafield ind1="1" ind2=" " tag="490">
            <subfield code="a">CIIL grammar series ;</subfield>
            <subfield code="v">14</subfield>
        </datafield>
        <datafield ind1=" " ind2="" tag="500">
            <subfield code="a">English and Gondi (Gondi in roman)</subfield>
        </datafield>
        <datafield ind1=" " ind2="" tag="504">
            <subfield code="a">Bibliography: p. [317]-321.</subfield>
        </datafield>
        <datafield ind1=" " ind2="0" tag="650">
            <subfield code="a">Abujhmaria dialect</subfield>
            <subfield code="x">Grammar.</subfield>
        </datafield>
        <datafield ind1=" " ind2="0" tag="830">
            <subfield code="a">Grammar series ;</subfield>
            <subfield code="v">14.</subfield>
        </datafield>
        <datafield ind1=" " ind2="" tag="035">
            <subfield code="a">(TxDaGIAL)37741100007631</subfield>
        </datafield>
        <controlfield tag="005">20080624154325.0</controlfield>
        <controlfield tag="001">146</controlfield>
        <controlfield tag="003">TxDaGIAL</controlfield>
        <datafield ind1=" " ind2="" tag="852">
            <subfield code="p">37741100007631</subfield>
            <subfield code="a">Library</subfield>
            <subfield code="9">$2.75</subfield>
            <subfield code="x">COPYID:153</subfield>
            <subfield code="x">FSC@aRegular@c19950906</subfield>
            <subfield code="h">494.82309543 N273 1985</subfield>
            <subfield code="z">Indian Bk Centre 4-89</subfield>
        </datafield>
    </record>