
    <record>
        <leader>00773nam a2200217 a 4500</leader>
        <controlfield tag="008">970710s1986    ilu           000 0 eng d</controlfield>
        <datafield ind1=" " ind2="" tag="040">
            <subfield code="a">TxDaGIAL</subfield>
            <subfield code="c">TxDaGIAL</subfield>
        </datafield>
        <datafield ind1="1" ind2=" " tag="100">
            <subfield code="a">Titrud, Kermit.</subfield>
        </datafield>
        <datafield ind1="1" ind2="4" tag="245">
            <subfield code="a">The abused kgas&#169;&#431; /</subfield>
            <subfield code="c">by Kermit Titrud.</subfield>
        </datafield>
        <datafield ind1=" " ind2="" tag="260">
            <subfield code="c">1986.</subfield>
        </datafield>
        <datafield ind1=" " ind2="" tag="300">
            <subfield code="a">x, 131 leaves ;</subfield>
            <subfield code="c">29 cm.</subfield>
        </datafield>
        <datafield ind1=" " ind2="" tag="502">
            <subfield code="a">Thesis (M.A.)--Trinity Evangelical Divinity School, 1986.</subfield>
        </datafield>
        <datafield ind1=" " ind2="" tag="504">
            <subfield code="a">Bibliography : leaves 124-131.</subfield>
        </datafield>
        <datafield ind1=" " ind2="0" tag="650">
            <subfield code="a">Greek language, Biblical</subfield>
            <subfield code="x">Terms and phrases.</subfield>
        </datafield>
        <datafield ind1="0" ind2="0" tag="630">
            <subfield code="a">Bible.</subfield>
            <subfield code="p">N.T.</subfield>
            <subfield code="p">Peter, 2nd.</subfield>
            <subfield code="l">Greek.</subfield>
        </datafield>
        <datafield ind1="2" ind2="0" tag="610">
            <subfield code="a">Trinity Evangelical Divinity School</subfield>
            <subfield code="x">Dissertations.</subfield>
        </datafield>
        <datafield ind1=" " ind2="" tag="035">
            <subfield code="a">(TxDaGIAL)37741100018960</subfield>
        </datafield>
        <controlfield tag="005">20080624154325.0</controlfield>
        <controlfield tag="001">147</controlfield>
        <controlfield tag="003">TxDaGIAL</controlfield>
        <datafield ind1=" " ind2="" tag="852">
            <subfield code="p">37741100018960</subfield>
            <subfield code="a">Library</subfield>
            <subfield code="x">COPYID:154</subfield>
            <subfield code="x">FSC@aRegular@c19970711</subfield>
            <subfield code="h">487.4 T621a 1986</subfield>
            <subfield code="z">12069</subfield>
        </datafield>
    </record>