
    <record>
        <leader>00641nam a22001937i 4500</leader>
        <controlfield tag="008">790517 1978||||   |||| ||||||0|||||eng| </controlfield>
        <datafield ind1=" " ind2="" tag="010">
            <subfield code="a">   79109965</subfield>
        </datafield>
        <datafield ind1=" " ind2="" tag="040">
            <subfield code="a">DLC</subfield>
            <subfield code="c">DLC</subfield>
            <subfield code="d">TxDaGIAL</subfield>
        </datafield>
        <datafield ind1="0" ind2=" " tag="050">
            <subfield code="a">MLCM 83/6522 (L)</subfield>
        </datafield>
        <datafield ind1="1" ind2=" " tag="100">
            <subfield code="a">Silvey, Jonathan.</subfield>
        </datafield>
        <datafield ind1="1" ind2="0" tag="245">
            <subfield code="a">Academic success in PNG high schools /</subfield>
            <subfield code="c">Jonathan Silvey.</subfield>
        </datafield>
        <datafield ind1=" " ind2="" tag="260">
            <subfield code="a">Papua New Guinea :</subfield>
            <subfield code="b">Educational Research Unit,</subfield>
            <subfield code="c">1978.</subfield>
        </datafield>
        <datafield ind1=" " ind2="" tag="300">
            <subfield code="a">32 p. ;</subfield>
            <subfield code="c">29 cm.</subfield>
        </datafield>
        <datafield ind1=" " ind2="0" tag="440">
            <subfield code="a">E.R.U. research report ;</subfield>
            <subfield code="v">no. 26</subfield>
        </datafield>
        <datafield ind1=" " ind2="" tag="035">
            <subfield code="a">(TxDaGIAL)37741100008218</subfield>
        </datafield>
        <controlfield tag="005">20080624154325.0</controlfield>
        <controlfield tag="001">148</controlfield>
        <controlfield tag="003">TxDaGIAL</controlfield>
        <datafield ind1=" " ind2="" tag="852">
            <subfield code="p">37741100008218</subfield>
            <subfield code="a">Library</subfield>
            <subfield code="x">COPYID:155</subfield>
            <subfield code="x">FSC@aRegular@c19950915</subfield>
            <subfield code="h">370.9953 E73 no.26 1978</subfield>
        </datafield>
    </record>