
    <record>
        <leader>00877nam a2200229 a 4500</leader>
        <controlfield tag="008">711202s1963    miua          000 0 eng  </controlfield>
        <datafield ind1=" " ind2="" tag="035">
            <subfield code="a">(CU-UC)dlaisn920662</subfield>
        </datafield>
        <datafield ind1="1" ind2=" " tag="100">
            <subfield code="a">Lehiste, Ilse.</subfield>
        </datafield>
        <datafield ind1="1" ind2="0" tag="245">
            <subfield code="a">Accent in Serbocroation :</subfield>
            <subfield code="b">an experimental study /</subfield>
            <subfield code="c">[by] Ilse Lehiste and Pavle Ivic.</subfield>
        </datafield>
        <datafield ind1=" " ind2="" tag="260">
            <subfield code="a">Ann Arbor :</subfield>
            <subfield code="b">[University of Michigan, Dept. of Slavic Languages and Literatures],</subfield>
            <subfield code="c">1963.</subfield>
        </datafield>
        <datafield ind1=" " ind2="" tag="300">
            <subfield code="a">142 p. :</subfield>
            <subfield code="b">illus., map. ;</subfield>
            <subfield code="c">28 cm.</subfield>
        </datafield>
        <datafield ind1="1" ind2=" " tag="490">
            <subfield code="a">Michigan Slavic materials ;</subfield>
            <subfield code="v">no. 4</subfield>
        </datafield>
        <datafield ind1=" " ind2="" tag="504">
            <subfield code="a">Bibliography: p. 136-142.</subfield>
        </datafield>
        <datafield ind1=" " ind2="" tag="546">
            <subfield code="a">English.</subfield>
        </datafield>
        <datafield ind1=" " ind2="0" tag="650">
            <subfield code="a">Serbo-Croatian language</subfield>
            <subfield code="x">Accents and accentuation.</subfield>
        </datafield>
        <datafield ind1="1" ind2="0" tag="700">
            <subfield code="a">Ivi&#9839;, Pavle.</subfield>
        </datafield>
        <datafield ind1=" " ind2="0" tag="830">
            <subfield code="a">Michigan Slavic materials ;</subfield>
            <subfield code="v">no. 4.</subfield>
        </datafield>
        <datafield ind1=" " ind2="" tag="035">
            <subfield code="a">(TxDaGIAL)37741100014516</subfield>
        </datafield>
        <controlfield tag="005">20080624154325.0</controlfield>
        <controlfield tag="001">149</controlfield>
        <controlfield tag="003">TxDaGIAL</controlfield>
        <datafield ind1=" " ind2="" tag="852">
            <subfield code="p">37741100014516</subfield>
            <subfield code="a">Library</subfield>
            <subfield code="x">COPYID:156</subfield>
            <subfield code="x">FSC@aRegular@c19970121</subfield>
            <subfield code="h">491.82 L522a 1963</subfield>
            <subfield code="z">2419</subfield>
        </datafield>
    </record>