
    <record>
        <leader>00865nam a2200265 p 4500</leader>
        <controlfield tag="008">780822s1977    ne       b    00000 eng  </controlfield>
        <datafield ind1=" " ind2="" tag="010">
            <subfield code="a">   78311474</subfield>
        </datafield>
        <datafield ind1=" " ind2="" tag="015">
            <subfield code="a">Ne77-50</subfield>
        </datafield>
        <datafield ind1=" " ind2="" tag="020">
            <subfield code="a">9027976236 :</subfield>
            <subfield code="c">fl 37.00</subfield>
        </datafield>
        <datafield ind1="0" ind2=" " tag="050">
            <subfield code="a">P40.5.A22</subfield>
            <subfield code="b">A3</subfield>
        </datafield>
        <datafield ind1=" " ind2="" tag="082">
            <subfield code="a">301.2/1</subfield>
        </datafield>
        <datafield ind1="0" ind2="0" tag="245">
            <subfield code="a">Acceptability in language /</subfield>
            <subfield code="c">editor, Sidney Greenbaum.</subfield>
        </datafield>
        <datafield ind1="0" ind2=" " tag="260">
            <subfield code="a">The Hague :</subfield>
            <subfield code="b">Mouton,</subfield>
            <subfield code="c">[1977]</subfield>
        </datafield>
        <datafield ind1=" " ind2="" tag="300">
            <subfield code="a">x, 213 p. ;</subfield>
            <subfield code="c">24 cm.</subfield>
        </datafield>
        <datafield ind1=" " ind2="0" tag="440">
            <subfield code="a">Contributions to the sociology of language ;</subfield>
            <subfield code="v">17</subfield>
        </datafield>
        <datafield ind1=" " ind2="" tag="504">
            <subfield code="a">Includes bibliographies.</subfield>
        </datafield>
        <datafield ind1=" " ind2="0" tag="650">
            <subfield code="a">Acceptability (Linguistics)</subfield>
        </datafield>
        <datafield ind1=" " ind2="0" tag="650">
            <subfield code="a">Grammaticality (Linguistics)</subfield>
        </datafield>
        <datafield ind1=" " ind2="0" tag="650">
            <subfield code="a">Language and languages</subfield>
            <subfield code="x">Variation.</subfield>
        </datafield>
        <datafield ind1="1" ind2="0" tag="700">
            <subfield code="a">Greenbaum, Sidney.</subfield>
        </datafield>
        <datafield ind1=" " ind2="" tag="035">
            <subfield code="a">(TxDaGIAL)37741100001293</subfield>
        </datafield>
        <controlfield tag="005">20080624154325.0</controlfield>
        <controlfield tag="001">150</controlfield>
        <controlfield tag="003">TxDaGIAL</controlfield>
        <datafield ind1=" " ind2="" tag="852">
            <subfield code="p">37741100001293</subfield>
            <subfield code="a">Library</subfield>
            <subfield code="x">COPYID:157</subfield>
            <subfield code="x">FSC@aRegular@c19950208</subfield>
            <subfield code="h">306.44 A169g 1977</subfield>
            <subfield code="z">6209</subfield>
        </datafield>
    </record>