
    <record>
        <leader>01100cam a2200265 i 4500</leader>
        <controlfield tag="008">720919m19731974nyua          00010 eng  </controlfield>
        <datafield ind1=" " ind2="" tag="010">
            <subfield code="a">   72008833 //r873</subfield>
        </datafield>
        <datafield ind1=" " ind2="" tag="020">
            <subfield code="a">0070073953 (v. 1)</subfield>
        </datafield>
        <datafield ind1=" " ind2="" tag="020">
            <subfield code="a">0070073996 (v. 2)</subfield>
        </datafield>
        <datafield ind1=" " ind2="" tag="040">
            <subfield code="a">DLC</subfield>
            <subfield code="c">DLC</subfield>
        </datafield>
        <datafield ind1="1" ind2=" " tag="050">
            <subfield code="a">PE1128</subfield>
            <subfield code="b">.B67</subfield>
        </datafield>
        <datafield ind1=" " ind2="" tag="082">
            <subfield code="a">428/.2/4</subfield>
        </datafield>
        <datafield ind1="1" ind2="0" tag="100">
            <subfield code="a">Breckenridge, Robert G.</subfield>
        </datafield>
        <datafield ind1="1" ind2="0" tag="245">
            <subfield code="a">Access to English as a second language /</subfield>
            <subfield code="c">[by] Robert G. Breckenridge.</subfield>
        </datafield>
        <datafield ind1="0" ind2=" " tag="260">
            <subfield code="a">New York :</subfield>
            <subfield code="b">McGraw-Hill,</subfield>
            <subfield code="c">[c1973-74]</subfield>
        </datafield>
        <datafield ind1=" " ind2="" tag="300">
            <subfield code="a">2 v. + workbook for vol. 2 :</subfield>
            <subfield code="b">illus. ;</subfield>
            <subfield code="c">29 cm.</subfield>
        </datafield>
        <datafield ind1=" " ind2="0" tag="650">
            <subfield code="a">English language</subfield>
            <subfield code="v">Textbooks for foreign speakers.</subfield>
        </datafield>
        <datafield ind1=" " ind2="" tag="035">
            <subfield code="a">(TxDaGIAL)37741100005290</subfield>
        </datafield>
        <controlfield tag="005">20080624154325.0</controlfield>
        <controlfield tag="001">151</controlfield>
        <controlfield tag="003">TxDaGIAL</controlfield>
        <datafield ind1=" " ind2="" tag="852">
            <subfield code="p">37741100005290</subfield>
            <subfield code="a">Library</subfield>
            <subfield code="x">COPYID:158</subfield>
            <subfield code="x">FSC@aRegular@c19950627</subfield>
            <subfield code="h">428.24 B829a vol.1 1973</subfield>
        </datafield>
        <datafield ind1=" " ind2="" tag="852">
            <subfield code="p">37741100005291</subfield>
            <subfield code="a">Library</subfield>
            <subfield code="x">COPYID:159</subfield>
            <subfield code="x">FSC@aRegular@c19950627</subfield>
            <subfield code="h">428.24 B829a vol.1 1973</subfield>
            <subfield code="z">1835</subfield>
        </datafield>
        <datafield ind1=" " ind2="" tag="852">
            <subfield code="p">37741100005292</subfield>
            <subfield code="a">Library</subfield>
            <subfield code="x">COPYID:160</subfield>
            <subfield code="x">FSC@aRegular@c19950627</subfield>
            <subfield code="h">428.24 B829a vol.2 1974</subfield>
            <subfield code="z">1792</subfield>
        </datafield>
        <datafield ind1=" " ind2="" tag="852">
            <subfield code="p">37741100005293</subfield>
            <subfield code="a">Library</subfield>
            <subfield code="x">COPYID:161</subfield>
            <subfield code="x">FSC@aRegular@c19950627</subfield>
            <subfield code="h">428.24 B829a vol.2 1974w</subfield>
            <subfield code="z">9819</subfield>
        </datafield>
    </record>