
    <record>
        <leader>01122cam a2200289 a 4500</leader>
        <controlfield tag="008">840530s1984    nyua     b    00110 eng  </controlfield>
        <datafield ind1=" " ind2="" tag="010">
            <subfield code="a">   84001035 //r933</subfield>
        </datafield>
        <datafield ind1=" " ind2="" tag="020">
            <subfield code="a">091821288X (pbk.) :</subfield>
            <subfield code="c">$35.00</subfield>
        </datafield>
        <datafield ind1=" " ind2="" tag="040">
            <subfield code="a">DLC</subfield>
            <subfield code="c">DLC</subfield>
            <subfield code="d">DLC</subfield>
        </datafield>
        <datafield ind1="0" ind2="0" tag="050">
            <subfield code="a">Z699.5.A9</subfield>
            <subfield code="b">I58 1984</subfield>
        </datafield>
        <datafield ind1="0" ind2="0" tag="082">
            <subfield code="a">025.04</subfield>
            <subfield code="2">19</subfield>
        </datafield>
        <datafield ind1="1" ind2="0" tag="100">
            <subfield code="a">Intner, Sheila S.</subfield>
        </datafield>
        <datafield ind1="1" ind2="0" tag="245">
            <subfield code="a">Access to media :</subfield>
            <subfield code="b">a guide to integrating and computerizing catalogs /</subfield>
            <subfield code="c">by Sheila S. Intner.</subfield>
        </datafield>
        <datafield ind1="0" ind2=" " tag="260">
            <subfield code="a">New York :</subfield>
            <subfield code="b">Neal-Schuman Publishers,</subfield>
            <subfield code="c">1984.</subfield>
        </datafield>
        <datafield ind1=" " ind2="" tag="300">
            <subfield code="a">viii, 301 p. :</subfield>
            <subfield code="b">ill. ;</subfield>
            <subfield code="c">23 cm.</subfield>
        </datafield>
        <datafield ind1=" " ind2="" tag="504">
            <subfield code="a">Includes bibliographies and index.</subfield>
        </datafield>
        <datafield ind1=" " ind2="" tag="590">
            <subfield code="a">Kept in cataloguing office.</subfield>
        </datafield>
        <datafield ind1=" " ind2="0" tag="650">
            <subfield code="a">Information storage and retrieval systems</subfield>
            <subfield code="x">Audio-visual materials.</subfield>
        </datafield>
        <datafield ind1=" " ind2="0" tag="650">
            <subfield code="a">Cataloging of nonbook materials</subfield>
            <subfield code="x">Data processing.</subfield>
        </datafield>
        <datafield ind1=" " ind2="0" tag="650">
            <subfield code="a">Libraries</subfield>
            <subfield code="x">Special collections</subfield>
            <subfield code="x">Nonbook materials.</subfield>
        </datafield>
        <datafield ind1=" " ind2="0" tag="650">
            <subfield code="a">Audio-visual library service.</subfield>
        </datafield>
        <datafield ind1=" " ind2="0" tag="650">
            <subfield code="a">Online library catalogs.</subfield>
        </datafield>
        <datafield ind1=" " ind2="" tag="035">
            <subfield code="a">(TxDaGIAL)37741100003465</subfield>
        </datafield>
        <controlfield tag="005">20080624154326.0</controlfield>
        <controlfield tag="001">152</controlfield>
        <controlfield tag="003">TxDaGIAL</controlfield>
        <datafield ind1=" " ind2="" tag="852">
            <subfield code="p">37741100003465</subfield>
            <subfield code="a">Library</subfield>
            <subfield code="x">COPYID:162</subfield>
            <subfield code="x">FSC@aRegular@c19950413</subfield>
            <subfield code="h">025.04 I61a 1984</subfield>
            <subfield code="z">orig. acc. no. 12637</subfield>
        </datafield>
    </record>