
    <record>
        <leader>00842nam a22002291  4500</leader>
        <controlfield tag="008">940714s1987    xxu           000 0 eng d</controlfield>
        <datafield ind1=" " ind2="" tag="010">
            <subfield code="a">87-13658 //r89</subfield>
        </datafield>
        <datafield ind1=" " ind2="" tag="020">
            <subfield code="a">0802803164 (Eerdmans : pbk.)</subfield>
        </datafield>
        <datafield ind1=" " ind2="" tag="040">
            <subfield code="a">DLC</subfield>
            <subfield code="c">DLC</subfield>
            <subfield code="d">TxDaGIAL</subfield>
        </datafield>
        <datafield ind1=" " ind2="" tag="050">
            <subfield code="a">BS2592.3</subfield>
            <subfield code="b">.G66 1987</subfield>
        </datafield>
        <datafield ind1=" " ind2="" tag="082">
            <subfield code="a">226.4/07</subfield>
            <subfield code="2">20</subfield>
        </datafield>
        <datafield ind1="1" ind2=" " tag="100">
            <subfield code="a">Gooding, D. W.</subfield>
            <subfield code="q">(David Willoughby)</subfield>
        </datafield>
        <datafield ind1="1" ind2="0" tag="245">
            <subfield code="a">According to Luke :</subfield>
            <subfield code="b">a new exposition of the Third Gospel /</subfield>
            <subfield code="c">David Gooding.</subfield>
        </datafield>
        <datafield ind1=" " ind2="" tag="260">
            <subfield code="a">Leicester, England :</subfield>
            <subfield code="b">Inter-Varsity Press ;</subfield>
            <subfield code="a">Grand Rapids, Mich. :</subfield>
            <subfield code="b">W.B. Eerdmans.,</subfield>
            <subfield code="c">1987.</subfield>
        </datafield>
        <datafield ind1=" " ind2="" tag="300">
            <subfield code="a">362 p. ;</subfield>
            <subfield code="c">21 cm.</subfield>
        </datafield>
        <datafield ind1=" " ind2="" tag="504">
            <subfield code="a">Includes bibliographical references.</subfield>
        </datafield>
        <datafield ind1="0" ind2="0" tag="630">
            <subfield code="a">Bible.</subfield>
            <subfield code="p">N.T.</subfield>
            <subfield code="p">Luke</subfield>
            <subfield code="v">Commentaries.</subfield>
        </datafield>
        <datafield ind1=" " ind2="" tag="035">
            <subfield code="a">(TxDaGIAL)37741100000085</subfield>
        </datafield>
        <controlfield tag="005">20080624154326.0</controlfield>
        <controlfield tag="001">153</controlfield>
        <controlfield tag="003">TxDaGIAL</controlfield>
        <datafield ind1=" " ind2="" tag="852">
            <subfield code="p">37741100000085</subfield>
            <subfield code="a">Library</subfield>
            <subfield code="x">COPYID:163</subfield>
            <subfield code="x">FSC@aRegular@c19940623</subfield>
            <subfield code="h">226.4 G651a 1987</subfield>
        </datafield>
    </record>