
    <record>
        <leader>01290nam a2200289   4500</leader>
        <controlfield tag="008">721114s1971    okua     b    00010 eng  </controlfield>
        <datafield ind1=" " ind2="" tag="010">
            <subfield code="a">   72197795</subfield>
        </datafield>
        <datafield ind1=" " ind2="" tag="040">
            <subfield code="a">DLC</subfield>
            <subfield code="c">DLC</subfield>
            <subfield code="d">TxDaGIAL</subfield>
        </datafield>
        <datafield ind1="0" ind2=" " tag="041">
            <subfield code="a">engmul</subfield>
        </datafield>
        <datafield ind1=" " ind2="" tag="043">
            <subfield code="a">ncgt---</subfield>
            <subfield code="a">ncho---</subfield>
        </datafield>
        <datafield ind1="0" ind2=" " tag="050">
            <subfield code="a">F1465.3.F6</subfield>
            <subfield code="b">S48</subfield>
        </datafield>
        <datafield ind1=" " ind2="" tag="082">
            <subfield code="a">398.2/09701</subfield>
        </datafield>
        <datafield ind1="0" ind2="0" tag="245">
            <subfield code="a">According to our ancestors :</subfield>
            <subfield code="b">folk texts from Guatemala and Honduras /</subfield>
            <subfield code="c">Edited by Mary Shaw; Illustrated by Patricia Ingersoll.</subfield>
        </datafield>
        <datafield ind1="0" ind2=" " tag="260">
            <subfield code="a">Norman :</subfield>
            <subfield code="b">Summer Institute of Linguistics of the University of Oklahoma,</subfield>
            <subfield code="c">[1971]</subfield>
        </datafield>
        <datafield ind1=" " ind2="" tag="300">
            <subfield code="a">510 p. :</subfield>
            <subfield code="b">illus. ;</subfield>
            <subfield code="c">23 cm.</subfield>
        </datafield>
        <datafield ind1=" " ind2="0" tag="440">
            <subfield code="a">Summer Institute of Linguistics publications in linguistics and related fields, publication ;</subfield>
            <subfield code="v">no. 32</subfield>
        </datafield>
        <datafield ind1=" " ind2="" tag="504">
            <subfield code="a">Bibliography: p. 509-510.</subfield>
        </datafield>
        <datafield ind1=" " ind2="0" tag="650">
            <subfield code="a">Indians of Central America</subfield>
            <subfield code="z">Guatemala</subfield>
            <subfield code="v">Legends.</subfield>
        </datafield>
        <datafield ind1=" " ind2="0" tag="650">
            <subfield code="a">Indians of Central America</subfield>
            <subfield code="z">Honduras</subfield>
            <subfield code="v">Legends.</subfield>
        </datafield>
        <datafield ind1=" " ind2="0" tag="650">
            <subfield code="a">Indians of Central America</subfield>
            <subfield code="x">Languages</subfield>
            <subfield code="v">Texts.</subfield>
        </datafield>
        <datafield ind1="1" ind2="0" tag="700">
            <subfield code="a">Shaw, Mary,</subfield>
            <subfield code="d">1921-</subfield>
        </datafield>
        <datafield ind1=" " ind2="" tag="035">
            <subfield code="a">(TxDaGIAL)37741100010478</subfield>
        </datafield>
        <controlfield tag="005">20080624154326.0</controlfield>
        <controlfield tag="001">154</controlfield>
        <controlfield tag="003">TxDaGIAL</controlfield>
        <datafield ind1=" " ind2="" tag="852">
            <subfield code="p">37741100010478</subfield>
            <subfield code="a">Library</subfield>
            <subfield code="x">COPYID:164</subfield>
            <subfield code="x">FSC@aRegular@c19960401</subfield>
            <subfield code="h">398.209701 A172s 1971</subfield>
        </datafield>
        <datafield ind1=" " ind2="" tag="852">
            <subfield code="p">37741100024846</subfield>
            <subfield code="a">Library</subfield>
            <subfield code="9">$0.00</subfield>
            <subfield code="x">FUND:Gift</subfield>
            <subfield code="x">COPYID:165</subfield>
            <subfield code="x">FSC@aRegular@c20010711</subfield>
            <subfield code="h">398.209701 A172s 1971</subfield>
            <subfield code="z">Gift Dr. &amp; Mrs. J. Harold Greenlee 4-01</subfield>
        </datafield>
    </record>