
    <record>
        <leader>01330cam a2200217Ii 4500</leader>
        <controlfield tag="008">760401s1940    nyu      b    001 0 engm </controlfield>
        <datafield ind1=" " ind2="" tag="040">
            <subfield code="a">DLC</subfield>
            <subfield code="c">ABC</subfield>
            <subfield code="d">SER</subfield>
            <subfield code="d">AZU</subfield>
        </datafield>
        <datafield ind1="0" ind2=" " tag="050">
            <subfield code="a">E98.C9</subfield>
            <subfield code="b">L6</subfield>
        </datafield>
        <datafield ind1="1" ind2=" " tag="100">
            <subfield code="a">Linton, Ralph,</subfield>
            <subfield code="d">1893-1953.</subfield>
        </datafield>
        <datafield ind1="1" ind2="0" tag="245">
            <subfield code="a">Acculturation in seven American Indian tribes /</subfield>
            <subfield code="c">edited by Ralph Linton.</subfield>
        </datafield>
        <datafield ind1=" " ind2="" tag="260">
            <subfield code="a">New York ;</subfield>
            <subfield code="a">London :</subfield>
            <subfield code="b">D. Appleton-Century Company, Incorporated,</subfield>
            <subfield code="c">[c1940]</subfield>
        </datafield>
        <datafield ind1=" " ind2="" tag="300">
            <subfield code="a">xiii, 526 p. ;</subfield>
            <subfield code="c">23 cm.</subfield>
        </datafield>
        <datafield ind1="0" ind2=" " tag="505">
            <subfield code="a">Introduction, by Ralph Linton.--The Puyallup of Washington, by Marian W. Smith.--The White Knife Shoshoni of Nevada, by J. S. Harris.--The southern Ute of Colorado, by M. K. Opler.--The northern Arapaho of Wyoming, by Henry Elkin.--The Fox of Iowa, by Natalie F. Joffe.--The Alkatcho Carrier of British Columbia, by Irving Goldman.--The San Ildefonso of New Mexico, by William Whitman.--Acculturation and the processes of culture change, by Ralph Linton.--The processes of culture transfer, by Ralph Linton.--The distinctive aspects of acculturation, by Ralph Linton.</subfield>
        </datafield>
        <datafield ind1=" " ind2="" tag="504">
            <subfield code="a">Bibliography at end of most of the chapters.</subfield>
        </datafield>
        <datafield ind1=" " ind2="0" tag="650">
            <subfield code="a">Indians of North America.</subfield>
        </datafield>
        <datafield ind1=" " ind2="0" tag="650">
            <subfield code="a">Acculturation.</subfield>
        </datafield>
        <datafield ind1=" " ind2="" tag="035">
            <subfield code="a">(TxDaGIAL)37741100016930</subfield>
        </datafield>
        <controlfield tag="005">20080624154326.0</controlfield>
        <controlfield tag="001">155</controlfield>
        <controlfield tag="003">TxDaGIAL</controlfield>
        <datafield ind1=" " ind2="" tag="852">
            <subfield code="p">37741100016930</subfield>
            <subfield code="a">Library</subfield>
            <subfield code="x">COPYID:166</subfield>
            <subfield code="x">FSC@aRegular@c19970421</subfield>
            <subfield code="h">970.00497 L761a 1940</subfield>
            <subfield code="z">725</subfield>
        </datafield>
    </record>