
    <record>
        <leader>01208cam a2200301 i 4500</leader>
        <controlfield tag="008">790907s1980    coua     b    00100 eng  </controlfield>
        <datafield ind1=" " ind2="" tag="010">
            <subfield code="a">   79021617 //r842</subfield>
        </datafield>
        <datafield ind1=" " ind2="" tag="020">
            <subfield code="a">0891588590 :</subfield>
            <subfield code="c">$16.00</subfield>
        </datafield>
        <datafield ind1=" " ind2="" tag="040">
            <subfield code="a">DLC</subfield>
            <subfield code="c">DLC</subfield>
            <subfield code="d">DLC</subfield>
        </datafield>
        <datafield ind1=" " ind2="" tag="043">
            <subfield code="a">n-us---</subfield>
        </datafield>
        <datafield ind1="0" ind2=" " tag="050">
            <subfield code="a">GN366</subfield>
            <subfield code="b">.A28</subfield>
        </datafield>
        <datafield ind1=" " ind2="" tag="082">
            <subfield code="a">301.24/1</subfield>
        </datafield>
        <datafield ind1="0" ind2="0" tag="245">
            <subfield code="a">Acculturation, theory, models, and some new findings /</subfield>
            <subfield code="c">edited by Amado M. Padilla.</subfield>
        </datafield>
        <datafield ind1="0" ind2=" " tag="260">
            <subfield code="a">Boulder, Colo. :</subfield>
            <subfield code="b">Published by Westview Press for the American Association for the Advancement of Science,</subfield>
            <subfield code="c">1980.</subfield>
        </datafield>
        <datafield ind1=" " ind2="" tag="300">
            <subfield code="a">xv, 165 p. :</subfield>
            <subfield code="b">ill. ;</subfield>
            <subfield code="c">24 cm.</subfield>
        </datafield>
        <datafield ind1="1" ind2=" " tag="490">
            <subfield code="a">AAAS selected symposium ; 39</subfield>
        </datafield>
        <datafield ind1=" " ind2="" tag="500">
            <subfield code="a">"Based on a symposium ... held at the 1979 AAAS national annual meeting in Houston, Texas, January 3-8."</subfield>
        </datafield>
        <datafield ind1=" " ind2="" tag="504">
            <subfield code="a">Includes bibliographies and index.</subfield>
        </datafield>
        <datafield ind1=" " ind2="0" tag="650">
            <subfield code="a">Acculturation</subfield>
            <subfield code="v">Congresses.</subfield>
        </datafield>
        <datafield ind1=" " ind2="0" tag="650">
            <subfield code="a">Acculturation</subfield>
            <subfield code="z">United States</subfield>
            <subfield code="v">Congresses.</subfield>
        </datafield>
        <datafield ind1=" " ind2="0" tag="650">
            <subfield code="a">Hispanic Americans</subfield>
            <subfield code="x">Social conditions</subfield>
            <subfield code="v">Congresses.</subfield>
        </datafield>
        <datafield ind1="1" ind2="0" tag="700">
            <subfield code="a">Padilla, Amado M.</subfield>
        </datafield>
        <datafield ind1=" " ind2="0" tag="830">
            <subfield code="a">AAAS selected symposium ;</subfield>
            <subfield code="v">39.</subfield>
        </datafield>
        <datafield ind1=" " ind2="" tag="035">
            <subfield code="a">(TxDaGIAL)37741100002668</subfield>
        </datafield>
        <controlfield tag="005">20080624154326.0</controlfield>
        <controlfield tag="001">156</controlfield>
        <controlfield tag="003">TxDaGIAL</controlfield>
        <datafield ind1=" " ind2="" tag="852">
            <subfield code="p">37741100002668</subfield>
            <subfield code="a">Library</subfield>
            <subfield code="x">COPYID:167</subfield>
            <subfield code="x">FSC@aRegular@c19950321</subfield>
            <subfield code="h">303.482 A172p 1980</subfield>
            <subfield code="z">8293</subfield>
        </datafield>
    </record>