
    <record>
        <leader>01114cam a2200277 i 4500</leader>
        <controlfield tag="008">770617s1976    mx       b   f00110 spa  </controlfield>
        <datafield ind1=" " ind2="" tag="010">
            <subfield code="a">   77474024</subfield>
        </datafield>
        <datafield ind1=" " ind2="" tag="035">
            <subfield code="a">DCLC77474024-B</subfield>
        </datafield>
        <datafield ind1=" " ind2="" tag="035">
            <subfield code="a">(CStRLIN)C77474024-B</subfield>
        </datafield>
        <datafield ind1="0" ind2=" " tag="050">
            <subfield code="a">P40</subfield>
            <subfield code="b">.S25 1976</subfield>
        </datafield>
        <datafield ind1="1" ind2="0" tag="100">
            <subfield code="a">Sanchez-Marco, Francisco,</subfield>
            <subfield code="d">1944-</subfield>
        </datafield>
        <datafield ind1="1" ind2="0" tag="245">
            <subfield code="a">Acercamiento hist&#169;&#273;rico a la socioling&#169;&#417;&#169;&#431;stica /</subfield>
            <subfield code="c">Francisco S&#169;&#321;nchez-Marco.</subfield>
        </datafield>
        <datafield ind1=" " ind2="" tag="250">
            <subfield code="a">1. ed.</subfield>
        </datafield>
        <datafield ind1="0" ind2=" " tag="260">
            <subfield code="a">Tlalpan, M&#169;&#9837;xico :</subfield>
            <subfield code="b">Centro de Investigaciones Superiores, Instituto Nacional de Antropolog&#169;&#431;a e Historia,</subfield>
            <subfield code="c">1976.</subfield>
        </datafield>
        <datafield ind1=" " ind2="" tag="300">
            <subfield code="a">263 p. ;</subfield>
            <subfield code="c">21 cm.</subfield>
        </datafield>
        <datafield ind1=" " ind2="" tag="500">
            <subfield code="a">A revision of the author's thesis (maestr&#169;&#431;a en antropolog&#169;&#431;a social), Universidad Iberoamericana, 1974.</subfield>
        </datafield>
        <datafield ind1=" " ind2="" tag="500">
            <subfield code="a">Includes index.</subfield>
        </datafield>
        <datafield ind1=" " ind2="" tag="504">
            <subfield code="a">Bibliography: p. 199-242.</subfield>
        </datafield>
        <datafield ind1=" " ind2="0" tag="650">
            <subfield code="a">Sociolinguistics.</subfield>
        </datafield>
        <datafield ind1=" " ind2="0" tag="650">
            <subfield code="a">Anthropological linguistics.</subfield>
        </datafield>
        <datafield ind1=" " ind2="0" tag="650">
            <subfield code="a">Linguistics</subfield>
            <subfield code="x">History.</subfield>
        </datafield>
        <datafield ind1=" " ind2="" tag="035">
            <subfield code="a">(TxDaGIAL)37741100023233</subfield>
        </datafield>
        <controlfield tag="005">20080624154327.0</controlfield>
        <controlfield tag="001">157</controlfield>
        <controlfield tag="003">TxDaGIAL</controlfield>
        <datafield ind1=" " ind2="" tag="852">
            <subfield code="p">37741100023233</subfield>
            <subfield code="a">Library</subfield>
            <subfield code="b">Kenneth L. Pike Coll</subfield>
            <subfield code="9">$0.00</subfield>
            <subfield code="x">FUND:Gift</subfield>
            <subfield code="x">COPYID:168</subfield>
            <subfield code="x">FSC@aRegular@c19990601</subfield>
            <subfield code="h">306.44 S211 1976</subfield>
            <subfield code="z">Gift Kenneth L. Pike 11-98</subfield>
        </datafield>
    </record>