
    <record>
        <leader>00920cam a2200277 i 4500</leader>
        <controlfield tag="008">751022s1976    nyu      b    00110 eng  </controlfield>
        <datafield ind1=" " ind2="" tag="010">
            <subfield code="a">   75034465 //r883</subfield>
        </datafield>
        <datafield ind1=" " ind2="" tag="020">
            <subfield code="a">0470013974</subfield>
        </datafield>
        <datafield ind1=" " ind2="" tag="040">
            <subfield code="a">DLC</subfield>
            <subfield code="c">DLC</subfield>
        </datafield>
        <datafield ind1="0" ind2=" " tag="050">
            <subfield code="a">HD82</subfield>
            <subfield code="b">.M28 1976</subfield>
        </datafield>
        <datafield ind1=" " ind2="" tag="082">
            <subfield code="a">338.9</subfield>
        </datafield>
        <datafield ind1="1" ind2="0" tag="100">
            <subfield code="a">McClelland, David C.</subfield>
            <subfield code="q">(David Clarence)</subfield>
        </datafield>
        <datafield ind1="1" ind2="4" tag="245">
            <subfield code="a">The achieving society :</subfield>
            <subfield code="b">with a new introduction /</subfield>
            <subfield code="c">by David C. McClelland.</subfield>
        </datafield>
        <datafield ind1="0" ind2=" " tag="260">
            <subfield code="a">New York :</subfield>
            <subfield code="b">Irvington Publishers : distributed by Halsted Press,</subfield>
            <subfield code="c">c1976.</subfield>
        </datafield>
        <datafield ind1=" " ind2="" tag="300">
            <subfield code="a">xv, 512 p. ;</subfield>
            <subfield code="c">24 cm.</subfield>
        </datafield>
        <datafield ind1=" " ind2="" tag="504">
            <subfield code="a">Bibliography: p. 439-449.</subfield>
        </datafield>
        <datafield ind1=" " ind2="" tag="500">
            <subfield code="a">Includes index.</subfield>
        </datafield>
        <datafield ind1=" " ind2="0" tag="650">
            <subfield code="a">Economic development.</subfield>
        </datafield>
        <datafield ind1=" " ind2="0" tag="650">
            <subfield code="a">Achievement motivation.</subfield>
        </datafield>
        <datafield ind1=" " ind2="0" tag="650">
            <subfield code="a">Economic history.</subfield>
        </datafield>
        <datafield ind1=" " ind2="0" tag="650">
            <subfield code="a">Entrepreneurship.</subfield>
        </datafield>
        <datafield ind1=" " ind2="" tag="035">
            <subfield code="a">(TxDaGIAL)37741100006133</subfield>
        </datafield>
        <controlfield tag="005">20080624154327.0</controlfield>
        <controlfield tag="001">158</controlfield>
        <controlfield tag="003">TxDaGIAL</controlfield>
        <datafield ind1=" " ind2="" tag="852">
            <subfield code="p">37741100006133</subfield>
            <subfield code="a">Library</subfield>
            <subfield code="x">COPYID:169</subfield>
            <subfield code="x">FSC@aRegular@c19950802</subfield>
            <subfield code="h">338.9 M126a 1976</subfield>
            <subfield code="z">4525</subfield>
        </datafield>
    </record>