
    <record>
        <leader>00782nam a2200241Ia 4500</leader>
        <controlfield tag="008">850425s1959    sw a     b    00010 eng d</controlfield>
        <datafield ind1=" " ind2="" tag="035">
            <subfield code="a">(CU-UC)dlaisn6241565</subfield>
        </datafield>
        <datafield ind1=" " ind2="" tag="040">
            <subfield code="a">MYG</subfield>
            <subfield code="c">MYG</subfield>
            <subfield code="d">CLU</subfield>
        </datafield>
        <datafield ind1="1" ind2="0" tag="100">
            <subfield code="a">Fant, Gunnar.</subfield>
        </datafield>
        <datafield ind1="1" ind2="0" tag="245">
            <subfield code="a">Acoustic analysis and synthesis of speech with applications to Swedish /</subfield>
            <subfield code="c">by Gunnar Fant.</subfield>
        </datafield>
        <datafield ind1="0" ind2=" " tag="260">
            <subfield code="a">[Stockholm] :</subfield>
            <subfield code="b">Ericsson,</subfield>
            <subfield code="c">1959.</subfield>
        </datafield>
        <datafield ind1=" " ind2="" tag="300">
            <subfield code="a">108 p. :</subfield>
            <subfield code="b">ill. ;</subfield>
            <subfield code="c">25 cm.</subfield>
        </datafield>
        <datafield ind1=" " ind2="" tag="500">
            <subfield code="a">Title from cover.</subfield>
        </datafield>
        <datafield ind1=" " ind2="" tag="504">
            <subfield code="a">Bibliography: p. 104-106.</subfield>
        </datafield>
        <datafield ind1=" " ind2="" tag="546">
            <subfield code="a">English.</subfield>
        </datafield>
        <datafield ind1=" " ind2="0" tag="650">
            <subfield code="a">Speech.</subfield>
        </datafield>
        <datafield ind1=" " ind2="0" tag="650">
            <subfield code="a">Sound</subfield>
            <subfield code="x">Measurement.</subfield>
        </datafield>
        <datafield ind1=" " ind2="0" tag="650">
            <subfield code="a">Swedish language</subfield>
            <subfield code="x">Phonetics.</subfield>
        </datafield>
        <datafield ind1=" " ind2="" tag="035">
            <subfield code="a">(TxDaGIAL)37741100014847</subfield>
        </datafield>
        <controlfield tag="005">20080624154327.0</controlfield>
        <controlfield tag="001">159</controlfield>
        <controlfield tag="003">TxDaGIAL</controlfield>
        <datafield ind1=" " ind2="" tag="852">
            <subfield code="p">37741100014847</subfield>
            <subfield code="a">Library</subfield>
            <subfield code="x">COPYID:170</subfield>
            <subfield code="x">FSC@aRegular@c19970203</subfield>
            <subfield code="h">534 F216a 1959</subfield>
            <subfield code="z">2297</subfield>
        </datafield>
    </record>