
    <record>
        <leader>00878cam a2200253ui 4500</leader>
        <controlfield tag="008">800819s1980    inua     b    000 0 eng d</controlfield>
        <datafield ind1=" " ind2="" tag="035">
            <subfield code="a">(Source)BN2303  -  1792</subfield>
        </datafield>
        <datafield ind1=" " ind2="" tag="035">
            <subfield code="a">(OCoLC)06633149</subfield>
        </datafield>
        <datafield ind1=" " ind2="" tag="035">
            <subfield code="a">FLUGACE5221-B</subfield>
        </datafield>
        <datafield ind1=" " ind2="" tag="035">
            <subfield code="a">(CStRLIN)UGACE5221-B</subfield>
        </datafield>
        <datafield ind1=" " ind2="" tag="040">
            <subfield code="a">UUM</subfield>
            <subfield code="c">UUM</subfield>
            <subfield code="d">CStRLIN</subfield>
            <subfield code="d">TxDaGIAL</subfield>
        </datafield>
        <datafield ind1="1" ind2=" " tag="100">
            <subfield code="a">Zue, V. W.</subfield>
            <subfield code="q">(Victor Waito)</subfield>
        </datafield>
        <datafield ind1="1" ind2="0" tag="245">
            <subfield code="a">Acoustic characteristics of stop consonants :</subfield>
            <subfield code="b">a controlled study /</subfield>
            <subfield code="c">V. W. Zue.</subfield>
        </datafield>
        <datafield ind1=" " ind2="" tag="260">
            <subfield code="a">Bloomington, Ind. :</subfield>
            <subfield code="b">Indiana University Linguistics Club,</subfield>
            <subfield code="c">1980.</subfield>
        </datafield>
        <datafield ind1=" " ind2="" tag="300">
            <subfield code="a">82 p. :</subfield>
            <subfield code="b">ill. ;</subfield>
            <subfield code="c">28 cm.</subfield>
        </datafield>
        <datafield ind1=" " ind2="" tag="504">
            <subfield code="a">Bibliography: p. [79]-82. .</subfield>
        </datafield>
        <datafield ind1=" " ind2="0" tag="650">
            <subfield code="a">Consonants.</subfield>
        </datafield>
        <datafield ind1=" " ind2="0" tag="650">
            <subfield code="a">Phonetics.</subfield>
        </datafield>
        <datafield ind1=" " ind2="0" tag="650">
            <subfield code="a">Speech processing systems.</subfield>
        </datafield>
        <datafield ind1=" " ind2="" tag="035">
            <subfield code="a">(TxDaGIAL)37741100013794</subfield>
        </datafield>
        <controlfield tag="005">20080624154327.0</controlfield>
        <controlfield tag="001">160</controlfield>
        <controlfield tag="003">TxDaGIAL</controlfield>
        <datafield ind1=" " ind2="" tag="852">
            <subfield code="p">37741100013794</subfield>
            <subfield code="a">Library</subfield>
            <subfield code="9">$4.35</subfield>
            <subfield code="x">COPYID:171</subfield>
            <subfield code="x">FSC@aRegular@c19961114</subfield>
            <subfield code="h">612.78 Z93a 1980</subfield>
            <subfield code="z">7-80</subfield>
        </datafield>
    </record>