
    <record>
        <leader>00894cam a2200265   4500</leader>
        <controlfield tag="008">720526s1971    ne       b    00010 eng  </controlfield>
        <datafield ind1=" " ind2="" tag="010">
            <subfield code="a">   72179209</subfield>
        </datafield>
        <datafield ind1=" " ind2="" tag="015">
            <subfield code="a">Ne71-50</subfield>
        </datafield>
        <datafield ind1=" " ind2="" tag="020">
            <subfield code="c">fl15.00.</subfield>
        </datafield>
        <datafield ind1=" " ind2="" tag="040">
            <subfield code="a">DLC</subfield>
            <subfield code="c">DLC</subfield>
            <subfield code="d">DLC</subfield>
            <subfield code="d">TxDaGIAL</subfield>
        </datafield>
        <datafield ind1="0" ind2="0" tag="050">
            <subfield code="a">P222</subfield>
            <subfield code="b">.S3</subfield>
        </datafield>
        <datafield ind1="0" ind2="0" tag="082">
            <subfield code="a">421/.6</subfield>
        </datafield>
        <datafield ind1="1" ind2="0" tag="100">
            <subfield code="a">Scholes, Robert J.</subfield>
        </datafield>
        <datafield ind1="1" ind2="0" tag="245">
            <subfield code="a">Acoustic cues for constituent structure :</subfield>
            <subfield code="b">a series of experiments on the nature of spoken sentence structures. /</subfield>
            <subfield code="c">by Robert J. Scholes.</subfield>
        </datafield>
        <datafield ind1="0" ind2=" " tag="260">
            <subfield code="a">The Hague :</subfield>
            <subfield code="b">Mouton,</subfield>
            <subfield code="c">1971.</subfield>
        </datafield>
        <datafield ind1=" " ind2="" tag="300">
            <subfield code="a">79, [1] p. ;</subfield>
            <subfield code="c">23 cm.</subfield>
        </datafield>
        <datafield ind1=" " ind2="0" tag="440">
            <subfield code="a">Janua linguarum.</subfield>
            <subfield code="p">Series minor ;</subfield>
            <subfield code="v">121</subfield>
        </datafield>
        <datafield ind1=" " ind2="" tag="504">
            <subfield code="a">Bibliography: p. [80].</subfield>
        </datafield>
        <datafield ind1=" " ind2="0" tag="650">
            <subfield code="a">Intonation (Phonetics)</subfield>
        </datafield>
        <datafield ind1=" " ind2="0" tag="650">
            <subfield code="a">Structural linguistics.</subfield>
        </datafield>
        <datafield ind1=" " ind2="" tag="035">
            <subfield code="a">(TxDaGIAL)37741100003792</subfield>
        </datafield>
        <controlfield tag="005">20080624154327.0</controlfield>
        <controlfield tag="001">162</controlfield>
        <controlfield tag="003">TxDaGIAL</controlfield>
        <datafield ind1=" " ind2="" tag="852">
            <subfield code="p">37741100003792</subfield>
            <subfield code="a">Library</subfield>
            <subfield code="x">COPYID:173</subfield>
            <subfield code="x">FSC@aRegular@c19950426</subfield>
            <subfield code="h">414.6 S368a 1971</subfield>
            <subfield code="z">13609</subfield>
        </datafield>
    </record>