
    <record>
        <leader>00868nam a2200241 a 4500</leader>
        <controlfield tag="008">880812s1988    inua     b    00010 eng d</controlfield>
        <datafield ind1=" " ind2="" tag="035">
            <subfield code="a">(CU-UC)dlaisn5439772</subfield>
        </datafield>
        <datafield ind1=" " ind2="" tag="040">
            <subfield code="a">IQU</subfield>
            <subfield code="c">IQU</subfield>
            <subfield code="d">CUS</subfield>
        </datafield>
        <datafield ind1="1" ind2="0" tag="100">
            <subfield code="a">Harris, R. Allen</subfield>
            <subfield code="q">(Randy Allen)</subfield>
        </datafield>
        <datafield ind1="1" ind2="0" tag="245">
            <subfield code="a">Acoustic dimensions of functor comprehension in Broca's aphasia /</subfield>
            <subfield code="c">by R. Allen Harris.</subfield>
        </datafield>
        <datafield ind1="0" ind2=" " tag="260">
            <subfield code="a">Bloomington, Ind. :</subfield>
            <subfield code="b">Indiana University Linguistics Club,</subfield>
            <subfield code="c">1988.</subfield>
        </datafield>
        <datafield ind1=" " ind2="" tag="300">
            <subfield code="a">xiii, 160 p. :</subfield>
            <subfield code="b">ill. ;</subfield>
            <subfield code="c">28 cm.</subfield>
        </datafield>
        <datafield ind1=" " ind2="" tag="500">
            <subfield code="a">Revision of thesis (M. Sc.)--University of Alberta, 1985.</subfield>
        </datafield>
        <datafield ind1=" " ind2="" tag="504">
            <subfield code="a">Bibliography: p. 57-74.</subfield>
        </datafield>
        <datafield ind1=" " ind2="0" tag="650">
            <subfield code="a">Agrammatism.</subfield>
        </datafield>
        <datafield ind1=" " ind2="0" tag="650">
            <subfield code="a">Aphasia.</subfield>
        </datafield>
        <datafield ind1=" " ind2="0" tag="650">
            <subfield code="a">Psychoacoustics.</subfield>
        </datafield>
        <datafield ind1=" " ind2="0" tag="650">
            <subfield code="a">Comprehension.</subfield>
        </datafield>
        <datafield ind1=" " ind2="" tag="035">
            <subfield code="a">(TxDaGIAL)37741100013716</subfield>
        </datafield>
        <controlfield tag="005">20080624154327.0</controlfield>
        <controlfield tag="001">163</controlfield>
        <controlfield tag="003">TxDaGIAL</controlfield>
        <datafield ind1=" " ind2="" tag="852">
            <subfield code="p">37741100013716</subfield>
            <subfield code="a">Library</subfield>
            <subfield code="x">COPYID:174</subfield>
            <subfield code="x">FSC@aRegular@c19961101</subfield>
            <subfield code="h">616.8552 H315a 1988</subfield>
            <subfield code="z">13393</subfield>
        </datafield>
    </record>