
    <record>
        <leader>01005nam a2200277Ii 4500</leader>
        <controlfield tag="008">750221 1948    mdua          00110 eng u</controlfield>
        <datafield ind1=" " ind2="" tag="010">
            <subfield code="a">   48008006</subfield>
        </datafield>
        <datafield ind1=" " ind2="" tag="035">
            <subfield code="a">(CU-UC)dlaisn2024438</subfield>
        </datafield>
        <datafield ind1=" " ind2="" tag="040">
            <subfield code="c">SJD</subfield>
            <subfield code="d">m.c.</subfield>
            <subfield code="d">CLU</subfield>
        </datafield>
        <datafield ind1="0" ind2=" " tag="050">
            <subfield code="a">QC246</subfield>
            <subfield code="b">.J6</subfield>
        </datafield>
        <datafield ind1="1" ind2="0" tag="100">
            <subfield code="a">Joos, Martin.</subfield>
        </datafield>
        <datafield ind1="1" ind2="0" tag="245">
            <subfield code="a">Acoustic phonetics.</subfield>
        </datafield>
        <datafield ind1="0" ind2=" " tag="260">
            <subfield code="a">Baltimore :</subfield>
            <subfield code="b">Linguistic Society of America,</subfield>
            <subfield code="c">[1948]</subfield>
        </datafield>
        <datafield ind1=" " ind2="" tag="300">
            <subfield code="a">136 p. :</subfield>
            <subfield code="b">illus. ;</subfield>
            <subfield code="c">26 cm.</subfield>
        </datafield>
        <datafield ind1="0" ind2=" " tag="490">
            <subfield code="a">Language monograph no. 23</subfield>
        </datafield>
        <datafield ind1=" " ind2="" tag="500">
            <subfield code="a">Supplement to Language; journal of the Linguistic Society of America, v. 24, no. 2. April-June, 1948.</subfield>
        </datafield>
        <datafield ind1=" " ind2="" tag="546">
            <subfield code="a">English.</subfield>
        </datafield>
        <datafield ind1=" " ind2="0" tag="650">
            <subfield code="a">Phonetics.</subfield>
        </datafield>
        <datafield ind1=" " ind2="0" tag="650">
            <subfield code="a">Sound.</subfield>
        </datafield>
        <datafield ind1="0" ind2="1" tag="740">
            <subfield code="a">Language; journal of the Linguistic Society of America. Supplement.</subfield>
        </datafield>
        <datafield ind1=" " ind2="" tag="035">
            <subfield code="a">(TxDaGIAL)37741100015061</subfield>
        </datafield>
        <controlfield tag="005">20080624154327.0</controlfield>
        <controlfield tag="001">164</controlfield>
        <controlfield tag="003">TxDaGIAL</controlfield>
        <datafield ind1=" " ind2="" tag="852">
            <subfield code="p">37741100015061</subfield>
            <subfield code="a">Library</subfield>
            <subfield code="x">COPYID:175</subfield>
            <subfield code="x">FSC@aRegular@c19970211</subfield>
            <subfield code="h">612.78 J81a 1948</subfield>
            <subfield code="z">1277</subfield>
        </datafield>
        <datafield ind1=" " ind2="" tag="852">
            <subfield code="p">37741100015062</subfield>
            <subfield code="a">Library</subfield>
            <subfield code="x">COPYID:176</subfield>
            <subfield code="x">FSC@aRegular@c19970211</subfield>
            <subfield code="h">612.78 J81a 1948</subfield>
            <subfield code="z">1686</subfield>
        </datafield>
    </record>