
    <record>
        <leader>00838cam a2200253 i 4500</leader>
        <controlfield tag="008">760616s1976    enka     b    00000 eng  </controlfield>
        <datafield ind1=" " ind2="" tag="010">
            <subfield code="a">   76016916 //r79</subfield>
        </datafield>
        <datafield ind1=" " ind2="" tag="020">
            <subfield code="a">0521213932 :</subfield>
            <subfield code="c">$16.00</subfield>
        </datafield>
        <datafield ind1=" " ind2="" tag="040">
            <subfield code="a">DLC</subfield>
            <subfield code="c">DLC</subfield>
            <subfield code="d">TxDaGIAL</subfield>
        </datafield>
        <datafield ind1="0" ind2=" " tag="050">
            <subfield code="a">QP306</subfield>
            <subfield code="b">.A26</subfield>
        </datafield>
        <datafield ind1=" " ind2="" tag="082">
            <subfield code="a">152.1/5</subfield>
        </datafield>
        <datafield ind1="0" ind2="0" tag="245">
            <subfield code="a">Acoustic phonetics :</subfield>
            <subfield code="b">a course of basic readings /</subfield>
            <subfield code="c">edited by D. B. Fry.</subfield>
        </datafield>
        <datafield ind1="0" ind2=" " tag="260">
            <subfield code="a">Cambridge ;</subfield>
            <subfield code="a">New York :</subfield>
            <subfield code="b">Cambridge University Press,</subfield>
            <subfield code="c">1976.</subfield>
        </datafield>
        <datafield ind1=" " ind2="" tag="300">
            <subfield code="a">469 p., [16] leaves of plates :</subfield>
            <subfield code="b">ill. ;</subfield>
            <subfield code="c">23 cm.</subfield>
        </datafield>
        <datafield ind1=" " ind2="" tag="504">
            <subfield code="a">Includes bibliographies.</subfield>
        </datafield>
        <datafield ind1=" " ind2="0" tag="650">
            <subfield code="a">Speech.</subfield>
        </datafield>
        <datafield ind1=" " ind2="0" tag="650">
            <subfield code="a">Phonetics.</subfield>
        </datafield>
        <datafield ind1=" " ind2="0" tag="650">
            <subfield code="a">Speech perception.</subfield>
        </datafield>
        <datafield ind1="1" ind2="0" tag="700">
            <subfield code="a">Fry, Dennis Butler.</subfield>
        </datafield>
        <datafield ind1=" " ind2="" tag="035">
            <subfield code="a">(TxDaGIAL)37741100010127</subfield>
        </datafield>
        <controlfield tag="005">20080624154328.0</controlfield>
        <controlfield tag="001">165</controlfield>
        <controlfield tag="003">TxDaGIAL</controlfield>
        <datafield ind1=" " ind2="" tag="852">
            <subfield code="p">37741100010127</subfield>
            <subfield code="a">Library</subfield>
            <subfield code="x">COPYID:177</subfield>
            <subfield code="x">FSC@aRegular@c19951208</subfield>
            <subfield code="h">414.015 A185f 1976</subfield>
            <subfield code="z">2051</subfield>
        </datafield>
    </record>