
    <record>
        <leader>00865cam a2200217 a 4500</leader>
        <controlfield tag="008">870701s1987    inu           00010 eng d</controlfield>
        <datafield ind1=" " ind2="" tag="035">
            <subfield code="a">(CU-UC)dlaisn4654377</subfield>
        </datafield>
        <datafield ind1=" " ind2="" tag="040">
            <subfield code="a">GZM</subfield>
            <subfield code="c">GZM</subfield>
            <subfield code="d">UIU</subfield>
            <subfield code="d">CU-S</subfield>
        </datafield>
        <datafield ind1="1" ind2="0" tag="100">
            <subfield code="a">Ansel, Beth M.</subfield>
        </datafield>
        <datafield ind1="1" ind2="0" tag="245">
            <subfield code="a">Acoustic predictors of speech intelligibility in cerebral palsied-dysarthric adults /</subfield>
            <subfield code="c">by Beth M. Ansel.</subfield>
        </datafield>
        <datafield ind1="0" ind2=" " tag="260">
            <subfield code="a">Bloomington, Ind. :</subfield>
            <subfield code="b">Indiana University Linguistics Club,</subfield>
            <subfield code="c">1987.</subfield>
        </datafield>
        <datafield ind1=" " ind2="" tag="300">
            <subfield code="a">vii, 57 p. ;</subfield>
            <subfield code="c">28 cm.</subfield>
        </datafield>
        <datafield ind1=" " ind2="" tag="500">
            <subfield code="a">Originally presented as the author's thesis (Ph.D.)--University of Wisconsin-Madison, 1985.</subfield>
        </datafield>
        <datafield ind1=" " ind2="" tag="504">
            <subfield code="a">Bibliography: p. 50-57.</subfield>
        </datafield>
        <datafield ind1=" " ind2="0" tag="650">
            <subfield code="a">Articulation disorders.</subfield>
        </datafield>
        <datafield ind1=" " ind2="0" tag="650">
            <subfield code="a">Cerebral palsied</subfield>
            <subfield code="x">Language.</subfield>
        </datafield>
        <datafield ind1=" " ind2="" tag="035">
            <subfield code="a">(TxDaGIAL)37741100013717</subfield>
        </datafield>
        <controlfield tag="005">20080624154328.0</controlfield>
        <controlfield tag="001">166</controlfield>
        <controlfield tag="003">TxDaGIAL</controlfield>
        <datafield ind1=" " ind2="" tag="852">
            <subfield code="p">37741100013717</subfield>
            <subfield code="a">Library</subfield>
            <subfield code="x">COPYID:178</subfield>
            <subfield code="x">FSC@aRegular@c19961108</subfield>
            <subfield code="h">616.8552 A618a 1987</subfield>
            <subfield code="z">12770</subfield>
        </datafield>
    </record>