
    <record>
        <leader>00874nam a2200229 a 4500</leader>
        <controlfield tag="008">970310s1989    txua          000 0 eng d</controlfield>
        <datafield ind1=" " ind2="" tag="040">
            <subfield code="a">TxDaGIAL</subfield>
            <subfield code="c">TxDaGIAL</subfield>
        </datafield>
        <datafield ind1=" " ind2="" tag="094">
            <subfield code="a">mdm00</subfield>
            <subfield code="2">ROPAL</subfield>
        </datafield>
        <datafield ind1="1" ind2=" " tag="100">
            <subfield code="a">McCord, Michael Steven.</subfield>
        </datafield>
        <datafield ind1="1" ind2="0" tag="245">
            <subfield code="a">Acoustical and autosegmental analyses of the Mayogo vowel system /</subfield>
            <subfield code="c">by Michael Steven McCord.</subfield>
        </datafield>
        <datafield ind1=" " ind2="" tag="260">
            <subfield code="c">1989.</subfield>
        </datafield>
        <datafield ind1=" " ind2="" tag="300">
            <subfield code="a">xiii, 158 leaves :</subfield>
            <subfield code="b">ill.</subfield>
        </datafield>
        <datafield ind1=" " ind2="" tag="502">
            <subfield code="a">Thesis (M.A.)--University of Texas at Arlington, 1989.</subfield>
        </datafield>
        <datafield ind1=" " ind2="" tag="504">
            <subfield code="a">Bibliography : leaves 153-159.</subfield>
        </datafield>
        <datafield ind1=" " ind2="0" tag="650">
            <subfield code="a">Autosegmental theory (Linguistics)</subfield>
        </datafield>
        <datafield ind1=" " ind2="0" tag="650">
            <subfield code="a">Mayogo language</subfield>
            <subfield code="x">Phonology.</subfield>
        </datafield>
        <datafield ind1="2" ind2="0" tag="610">
            <subfield code="a">University of Texas at Arlington.</subfield>
            <subfield code="b">Graduate School</subfield>
            <subfield code="x">Thesis.</subfield>
        </datafield>
        <datafield ind1=" " ind2="" tag="035">
            <subfield code="a">(TxDaGIAL)37741100015762</subfield>
        </datafield>
        <controlfield tag="005">20080624154328.0</controlfield>
        <controlfield tag="001">167</controlfield>
        <controlfield tag="003">TxDaGIAL</controlfield>
        <datafield ind1=" " ind2="" tag="852">
            <subfield code="p">37741100015762</subfield>
            <subfield code="a">Library</subfield>
            <subfield code="9">$0.00</subfield>
            <subfield code="x">COPYID:179</subfield>
            <subfield code="x">FSC@aRegular@c19970228</subfield>
            <subfield code="h">496.3652 M131a 1989</subfield>
            <subfield code="z">author gift 9-89</subfield>
        </datafield>
    </record>