
    <record>
        <leader>01130cam a2200301 i 4500</leader>
        <controlfield tag="008">800912s1979    gw       b    00010 eng  </controlfield>
        <datafield ind1=" " ind2="" tag="010">
            <subfield code="a">   80492665 //r902</subfield>
        </datafield>
        <datafield ind1=" " ind2="" tag="015">
            <subfield code="a">GFR79-A</subfield>
        </datafield>
        <datafield ind1=" " ind2="" tag="020">
            <subfield code="a">3880980217 :</subfield>
            <subfield code="c">DM19.80</subfield>
        </datafield>
        <datafield ind1=" " ind2="" tag="040">
            <subfield code="a">DLC</subfield>
            <subfield code="c">DLC</subfield>
            <subfield code="d">DLC</subfield>
        </datafield>
        <datafield ind1=" " ind2="" tag="043">
            <subfield code="a">f------</subfield>
        </datafield>
        <datafield ind1="0" ind2="0" tag="050">
            <subfield code="a">PC2068.A4</subfield>
            <subfield code="b">K8</subfield>
        </datafield>
        <datafield ind1="0" ind2="0" tag="082">
            <subfield code="a">404/.2</subfield>
            <subfield code="2">19</subfield>
        </datafield>
        <datafield ind1="1" ind2="0" tag="100">
            <subfield code="a">Kwofie, Emmanuel N.</subfield>
        </datafield>
        <datafield ind1="1" ind2="4" tag="245">
            <subfield code="a">The acquisition and use of French as a second language in Africa :</subfield>
            <subfield code="b">(sociolingustic, historical-comparative and methodological perspectives) /</subfield>
            <subfield code="c">Emmanuel N. Kwofie.</subfield>
        </datafield>
        <datafield ind1="0" ind2=" " tag="260">
            <subfield code="a">Grossen-Linden :</subfield>
            <subfield code="b">Hoffmann,</subfield>
            <subfield code="c">1979.</subfield>
        </datafield>
        <datafield ind1=" " ind2="" tag="300">
            <subfield code="a">ii, 122 p. ;</subfield>
            <subfield code="c">21 cm.</subfield>
        </datafield>
        <datafield ind1="0" ind2=" " tag="490">
            <subfield code="a">Giessener Beitr&#169;&#222;ge zur Sprachwissenschaft ; Bd. 15</subfield>
        </datafield>
        <datafield ind1=" " ind2="" tag="504">
            <subfield code="a">Bibliography: p. [114]-122.</subfield>
        </datafield>
        <datafield ind1=" " ind2="0" tag="650">
            <subfield code="a">French philology</subfield>
            <subfield code="x">Study and teaching</subfield>
            <subfield code="z">Africa.</subfield>
        </datafield>
        <datafield ind1=" " ind2="0" tag="650">
            <subfield code="a">French language</subfield>
            <subfield code="x">Study and teaching</subfield>
            <subfield code="x">African speakers.</subfield>
        </datafield>
        <datafield ind1=" " ind2="0" tag="650">
            <subfield code="a">Languages in contact</subfield>
            <subfield code="z">Africa.</subfield>
        </datafield>
        <datafield ind1=" " ind2="0" tag="650">
            <subfield code="a">French language</subfield>
            <subfield code="z">Africa.</subfield>
        </datafield>
        <datafield ind1=" " ind2="" tag="035">
            <subfield code="a">(TxDaGIAL)37741100007009</subfield>
        </datafield>
        <controlfield tag="005">20080624154328.0</controlfield>
        <controlfield tag="001">168</controlfield>
        <controlfield tag="003">TxDaGIAL</controlfield>
        <datafield ind1=" " ind2="" tag="852">
            <subfield code="p">37741100007009</subfield>
            <subfield code="a">Library</subfield>
            <subfield code="x">COPYID:180</subfield>
            <subfield code="x">FSC@aRegular@c19950818</subfield>
            <subfield code="h">447.96 K98a 1979</subfield>
            <subfield code="z">7714</subfield>
        </datafield>
    </record>