
    <record>
        <leader>00914nam a22002415a 4500</leader>
        <controlfield tag="008">890612s1988    gw a          000 0 eng  </controlfield>
        <datafield ind1=" " ind2="" tag="010">
            <subfield code="a">   89150547</subfield>
        </datafield>
        <datafield ind1=" " ind2="" tag="020">
            <subfield code="a">3878082592</subfield>
        </datafield>
        <datafield ind1=" " ind2="" tag="040">
            <subfield code="a">DLC</subfield>
            <subfield code="c">DLC</subfield>
            <subfield code="d">DLC</subfield>
        </datafield>
        <datafield ind1="0" ind2="0" tag="050">
            <subfield code="a">P118.2</subfield>
            <subfield code="b">.J36 1988</subfield>
        </datafield>
        <datafield ind1="0" ind2="0" tag="082">
            <subfield code="a">401/.93</subfield>
            <subfield code="2">20</subfield>
        </datafield>
        <datafield ind1="1" ind2="0" tag="100">
            <subfield code="a">James, Allan</subfield>
            <subfield code="q">(Allan R.)</subfield>
        </datafield>
        <datafield ind1="1" ind2="4" tag="245">
            <subfield code="a">The acquisition of a second language phonology :</subfield>
            <subfield code="b">a linguistic theory of developing sound structures /</subfield>
            <subfield code="c">Allan R. James.</subfield>
        </datafield>
        <datafield ind1="0" ind2=" " tag="260">
            <subfield code="a">T&#169;&#417;bingen :</subfield>
            <subfield code="b">G. Narr,</subfield>
            <subfield code="c">c1988.</subfield>
        </datafield>
        <datafield ind1=" " ind2="" tag="300">
            <subfield code="a">xiii, 205 p. :</subfield>
            <subfield code="b">ill. ;</subfield>
            <subfield code="c">23 cm.</subfield>
        </datafield>
        <datafield ind1=" " ind2="0" tag="440">
            <subfield code="a">T&#169;&#417;binger Beitr&#169;&#222;ge zur Linguistik.</subfield>
            <subfield code="n">Series A,</subfield>
            <subfield code="p">Language development ;</subfield>
            <subfield code="v">9</subfield>
        </datafield>
        <datafield ind1=" " ind2="0" tag="650">
            <subfield code="a">Second language acquisition.</subfield>
        </datafield>
        <datafield ind1=" " ind2="0" tag="650">
            <subfield code="a">Grammar, Comparative and general</subfield>
            <subfield code="x">Phonology.</subfield>
        </datafield>
        <datafield ind1=" " ind2="" tag="035">
            <subfield code="a">(TxDaGIAL)37741100017680</subfield>
        </datafield>
        <controlfield tag="005">20080624154328.0</controlfield>
        <controlfield tag="001">169</controlfield>
        <controlfield tag="003">TxDaGIAL</controlfield>
        <datafield ind1=" " ind2="" tag="852">
            <subfield code="p">37741100017680</subfield>
            <subfield code="a">Library</subfield>
            <subfield code="9">$43.11</subfield>
            <subfield code="x">COPYID:181</subfield>
            <subfield code="x">FSC@aRegular@c19970515</subfield>
            <subfield code="h">401.93 J27a 1988</subfield>
            <subfield code="z">Direct 9-90</subfield>
        </datafield>
    </record>