
    <record>
        <leader>00967pam a2200301 i 4500</leader>
        <controlfield tag="008">780119s1978    mdua     b    00110 eng  </controlfield>
        <datafield ind1=" " ind2="" tag="010">
            <subfield code="a">   77029056</subfield>
        </datafield>
        <datafield ind1=" " ind2="" tag="020">
            <subfield code="a">0839112084</subfield>
        </datafield>
        <datafield ind1=" " ind2="" tag="040">
            <subfield code="a">DLC</subfield>
            <subfield code="c">DLC</subfield>
            <subfield code="d">TxDaGIAL</subfield>
        </datafield>
        <datafield ind1="0" ind2=" " tag="050">
            <subfield code="a">P118</subfield>
            <subfield code="b">.B58</subfield>
        </datafield>
        <datafield ind1=" " ind2="" tag="060">
            <subfield code="a">WS105.5.C8 B627a</subfield>
        </datafield>
        <datafield ind1=" " ind2="" tag="082">
            <subfield code="a">401</subfield>
        </datafield>
        <datafield ind1="1" ind2="0" tag="100">
            <subfield code="a">Blache, Stephen E.</subfield>
        </datafield>
        <datafield ind1="1" ind2="4" tag="245">
            <subfield code="a">The acquisition of distinctive features /</subfield>
            <subfield code="c">by Stephen E. Blache.</subfield>
        </datafield>
        <datafield ind1="0" ind2=" " tag="260">
            <subfield code="a">Baltimore, Md. :</subfield>
            <subfield code="b">University Park Press,</subfield>
            <subfield code="c">c1978.</subfield>
        </datafield>
        <datafield ind1=" " ind2="" tag="300">
            <subfield code="a">xiii, 337 p. :</subfield>
            <subfield code="b">ill. ;</subfield>
            <subfield code="c">23 cm.</subfield>
        </datafield>
        <datafield ind1=" " ind2="" tag="504">
            <subfield code="a">Bibliography: p. 281-293.</subfield>
        </datafield>
        <datafield ind1=" " ind2="" tag="500">
            <subfield code="a">Includes index.</subfield>
        </datafield>
        <datafield ind1=" " ind2="0" tag="650">
            <subfield code="a">Children</subfield>
            <subfield code="x">Language.</subfield>
        </datafield>
        <datafield ind1=" " ind2="0" tag="650">
            <subfield code="a">Distinctive features (Linguistics)</subfield>
        </datafield>
        <datafield ind1=" " ind2="0" tag="650">
            <subfield code="a">Speech disorders in children.</subfield>
        </datafield>
        <datafield ind1="1" ind2="0" tag="600">
            <subfield code="a">Jakobson, Roman,</subfield>
            <subfield code="d">1896-</subfield>
        </datafield>
        <datafield ind1=" " ind2="2" tag="650">
            <subfield code="a">Language Development.</subfield>
        </datafield>
        <datafield ind1=" " ind2="" tag="035">
            <subfield code="a">(TxDaGIAL)37741100009902</subfield>
        </datafield>
        <controlfield tag="005">20080624154329.0</controlfield>
        <controlfield tag="001">170</controlfield>
        <controlfield tag="003">TxDaGIAL</controlfield>
        <datafield ind1=" " ind2="" tag="852">
            <subfield code="p">37741100009902</subfield>
            <subfield code="a">Library</subfield>
            <subfield code="x">COPYID:182</subfield>
            <subfield code="x">FSC@aRegular@c19951127</subfield>
            <subfield code="h">401 B627a 1978</subfield>
            <subfield code="z">5175</subfield>
        </datafield>
    </record>