
    <record>
        <leader>00916nam a2200217 a 4500</leader>
        <controlfield tag="008">971016 1995    gw                  eng d</controlfield>
        <datafield ind1=" " ind2="" tag="040">
            <subfield code="a">TxDaGIAL</subfield>
            <subfield code="c">TxDaGIAL</subfield>
        </datafield>
        <datafield ind1="1" ind2="0" tag="100">
            <subfield code="a">Stephany, Ursula.</subfield>
        </datafield>
        <datafield ind1="1" ind2="4" tag="245">
            <subfield code="a">The acquisition of Greek /</subfield>
            <subfield code="c">Ursula Stephany.</subfield>
        </datafield>
        <datafield ind1="0" ind2=" " tag="260">
            <subfield code="a">K&#169;&#339;ln :</subfield>
            <subfield code="b">Institut f&#169;&#417;r Sprachwissenschaft, Universit&#169;&#222;t zu K&#169;&#339;ln,</subfield>
            <subfield code="c">1995.</subfield>
        </datafield>
        <datafield ind1=" " ind2="" tag="300">
            <subfield code="a">[143] p., (275, xii p. reduced) ;</subfield>
            <subfield code="c">30 cm.</subfield>
        </datafield>
        <datafield ind1="1" ind2=" " tag="490">
            <subfield code="a">Arbeitspapier / Institut f&#169;&#417;r Sprachenwissenschaft, Universit&#169;&#222;t zu K&#169;&#339;ln ;</subfield>
            <subfield code="v">Nr. 22 (Neue Folge)</subfield>
        </datafield>
        <datafield ind1=" " ind2="" tag="546">
            <subfield code="a">English.</subfield>
        </datafield>
        <datafield ind1=" " ind2="0" tag="650">
            <subfield code="a">Greek language.</subfield>
        </datafield>
        <datafield ind1="2" ind2="0" tag="710">
            <subfield code="a">Universit&#169;&#222;t zu K&#169;&#339;ln.</subfield>
            <subfield code="b">Institut f&#169;&#417;r Sprachwissenschaft.</subfield>
        </datafield>
        <datafield ind1=" " ind2="0" tag="830">
            <subfield code="a">Arbeitspapier (Universit&#169;&#222;t zu K&#169;&#339;ln. Institut f&#169;&#417;r Sprachwissenschaft) ;</subfield>
            <subfield code="v">n.F., Nr. 22.</subfield>
        </datafield>
        <datafield ind1=" " ind2="" tag="035">
            <subfield code="a">(TxDaGIAL)37741100021163</subfield>
        </datafield>
        <controlfield tag="005">20080624154329.0</controlfield>
        <controlfield tag="001">171</controlfield>
        <controlfield tag="003">TxDaGIAL</controlfield>
        <datafield ind1=" " ind2="" tag="852">
            <subfield code="p">37741100021163</subfield>
            <subfield code="a">Library</subfield>
            <subfield code="x">COPYID:183</subfield>
            <subfield code="x">FSC@aRegular@c19971017</subfield>
            <subfield code="h">489.3 S827a 1995</subfield>
            <subfield code="z">exchange</subfield>
        </datafield>
    </record>