
    <record>
        <leader>01192nam a2200277 a 4500</leader>
        <controlfield tag="008">930915s1989    inu      b    000 0 eng d</controlfield>
        <datafield ind1=" " ind2="" tag="010">
            <subfield code="a">   91115946</subfield>
        </datafield>
        <datafield ind1=" " ind2="" tag="035">
            <subfield code="a">(OCoLC)21863661</subfield>
        </datafield>
        <datafield ind1=" " ind2="" tag="040">
            <subfield code="a">TxHR</subfield>
            <subfield code="c">TxHR</subfield>
            <subfield code="d">DLC</subfield>
        </datafield>
        <datafield ind1=" " ind2="" tag="042">
            <subfield code="a">lccopycat</subfield>
        </datafield>
        <datafield ind1="0" ind2="4" tag="050">
            <subfield code="a">LB1139.L3</subfield>
            <subfield code="b">A482 1989</subfield>
        </datafield>
        <datafield ind1="1" ind2=" " tag="100">
            <subfield code="a">Aldridge, Michelle.</subfield>
        </datafield>
        <datafield ind1="1" ind2="4" tag="245">
            <subfield code="a">The acquisition of INFL /</subfield>
            <subfield code="c">by Michelle Aldridge.</subfield>
        </datafield>
        <datafield ind1=" " ind2="" tag="260">
            <subfield code="a">Bloomington, Ind. :</subfield>
            <subfield code="b">Reproduced by Indiana University Linguistics Club Publications,</subfield>
            <subfield code="c">1989.</subfield>
        </datafield>
        <datafield ind1=" " ind2="" tag="300">
            <subfield code="a">v, 257 p. ;</subfield>
            <subfield code="c">28 cm.</subfield>
        </datafield>
        <datafield ind1=" " ind2="" tag="500">
            <subfield code="a">"Originally prepared as a Ph. D thesis with the title The acquisition of the inflection system, submitted to the School of Modern Languages and Lingusitics, University College of North Wales, September, 1988"--T.p. verso.</subfield>
        </datafield>
        <datafield ind1=" " ind2="" tag="504">
            <subfield code="a">Bibliography: p. 248-257.</subfield>
        </datafield>
        <datafield ind1=" " ind2="0" tag="650">
            <subfield code="a">Children</subfield>
            <subfield code="x">Language.</subfield>
        </datafield>
        <datafield ind1=" " ind2="0" tag="650">
            <subfield code="a">Language acquisition.</subfield>
        </datafield>
        <datafield ind1=" " ind2="0" tag="650">
            <subfield code="a">Generative grammar.</subfield>
        </datafield>
        <datafield ind1="2" ind2="0" tag="710">
            <subfield code="a">University College of North Wales.</subfield>
            <subfield code="b">School of Modern Languages and Linguistics.</subfield>
        </datafield>
        <datafield ind1=" " ind2="" tag="035">
            <subfield code="a">(TxDaGIAL)37741100004544</subfield>
        </datafield>
        <controlfield tag="005">20080624154329.0</controlfield>
        <controlfield tag="001">172</controlfield>
        <controlfield tag="003">TxDaGIAL</controlfield>
        <datafield ind1=" " ind2="" tag="852">
            <subfield code="p">37741100004544</subfield>
            <subfield code="a">Library</subfield>
            <subfield code="9">$15.75</subfield>
            <subfield code="x">COPYID:184</subfield>
            <subfield code="x">FSC@aRegular@c19950515</subfield>
            <subfield code="h">415 A365a 1989</subfield>
            <subfield code="z">Dir from IULC 6-90</subfield>
        </datafield>
    </record>