
    <record>
        <leader>01418cam a22002651i 4500</leader>
        <controlfield tag="008">800124s1964    inua     b    00010 eng  </controlfield>
        <datafield ind1=" " ind2="" tag="010">
            <subfield code="a">   64004703 //r884</subfield>
        </datafield>
        <datafield ind1="0" ind2=" " tag="050">
            <subfield code="a">LB1103</subfield>
            <subfield code="b">.S6 vol. 29, no. 1</subfield>
        </datafield>
        <datafield ind1=" " ind2="" tag="082">
            <subfield code="a">136.73532</subfield>
        </datafield>
        <datafield ind1="1" ind2="0" tag="100">
            <subfield code="a">Bellugi, Ursula,</subfield>
            <subfield code="d">1931-</subfield>
            <subfield code="e">ed.</subfield>
        </datafield>
        <datafield ind1="1" ind2="4" tag="245">
            <subfield code="a">The acquisition of language :</subfield>
            <subfield code="b">report of the fourth conference sponsored by the Committee on Intellective Processes Research of the Social Science Research Council. /</subfield>
            <subfield code="c">Edited by Ursula Bellugi and Roger Brown.</subfield>
        </datafield>
        <datafield ind1="0" ind2=" " tag="260">
            <subfield code="a">[Lafayette, Ind. :</subfield>
            <subfield code="b">Child Development Publications of the Society for Research in Child Development],</subfield>
            <subfield code="c">1964.</subfield>
        </datafield>
        <datafield ind1=" " ind2="" tag="300">
            <subfield code="a">191 p. :</subfield>
            <subfield code="b">ill. ;</subfield>
            <subfield code="c">23 cm.</subfield>
        </datafield>
        <datafield ind1="1" ind2=" " tag="490">
            <subfield code="a">Monographs of the Society for Research in Child Development ;</subfield>
            <subfield code="v">29, no. 1, serial no. 92</subfield>
        </datafield>
        <datafield ind1=" " ind2="" tag="500">
            <subfield code="a">"The conference on first-language acquisition was held at Endicott House in Dedham, Massachusetts, on October 27-29, 1961."</subfield>
        </datafield>
        <datafield ind1=" " ind2="" tag="504">
            <subfield code="a">Bibliography: p. 187-191.</subfield>
        </datafield>
        <datafield ind1=" " ind2="0" tag="650">
            <subfield code="a">Children</subfield>
            <subfield code="x">Language acquisition.</subfield>
        </datafield>
        <datafield ind1="1" ind2="0" tag="700">
            <subfield code="a">Brown, Roger,</subfield>
            <subfield code="d">1925-</subfield>
            <subfield code="e">joint ed.</subfield>
        </datafield>
        <datafield ind1="2" ind2="0" tag="710">
            <subfield code="a">Social Science Research Council (U.S.).</subfield>
            <subfield code="b">Committee on Intellective Processes Research.</subfield>
        </datafield>
        <datafield ind1=" " ind2="0" tag="830">
            <subfield code="a">Monographs of the Society for Research in Child Development ;</subfield>
            <subfield code="v">29, no. 1, serial no. 92.</subfield>
        </datafield>
        <datafield ind1=" " ind2="" tag="035">
            <subfield code="a">(TxDaGIAL)37741100005676</subfield>
        </datafield>
        <controlfield tag="005">20080624154329.0</controlfield>
        <controlfield tag="001">173</controlfield>
        <controlfield tag="003">TxDaGIAL</controlfield>
        <datafield ind1=" " ind2="" tag="852">
            <subfield code="p">37741100005676</subfield>
            <subfield code="a">Library</subfield>
            <subfield code="x">COPYID:185</subfield>
            <subfield code="x">FSC@aRegular@c19950710</subfield>
            <subfield code="h">401.93 B449a 1964</subfield>
            <subfield code="z">4460</subfield>
        </datafield>
    </record>