
    <record>
        <leader>00725cam a2200229   4500</leader>
        <controlfield tag="008">710111s1970    nyu      b    00100 eng  </controlfield>
        <datafield ind1=" " ind2="" tag="010">
            <subfield code="a">   75125316</subfield>
        </datafield>
        <datafield ind1=" " ind2="" tag="040">
            <subfield code="a">DLC</subfield>
            <subfield code="c">DLC</subfield>
            <subfield code="d">TxDaGIAL</subfield>
        </datafield>
        <datafield ind1="0" ind2=" " tag="050">
            <subfield code="a">BF455</subfield>
            <subfield code="b">.M24</subfield>
        </datafield>
        <datafield ind1=" " ind2="" tag="082">
            <subfield code="a">401.9</subfield>
        </datafield>
        <datafield ind1="1" ind2="0" tag="100">
            <subfield code="a">McNeill, David.</subfield>
        </datafield>
        <datafield ind1="1" ind2="4" tag="245">
            <subfield code="a">The acquisition of language :</subfield>
            <subfield code="b">the study of developmental psycholinguistics.</subfield>
        </datafield>
        <datafield ind1="0" ind2=" " tag="260">
            <subfield code="a">New York :</subfield>
            <subfield code="b">Harper &amp; Row,</subfield>
            <subfield code="c">[1970]</subfield>
        </datafield>
        <datafield ind1=" " ind2="" tag="300">
            <subfield code="a">viii, 183 p. ;</subfield>
            <subfield code="c">25 cm.</subfield>
        </datafield>
        <datafield ind1=" " ind2="" tag="504">
            <subfield code="a">Bibliography: p. 165-178.</subfield>
        </datafield>
        <datafield ind1=" " ind2="0" tag="650">
            <subfield code="a">Psycholinguistics.</subfield>
        </datafield>
        <datafield ind1=" " ind2="0" tag="650">
            <subfield code="a">Child psychology.</subfield>
        </datafield>
        <datafield ind1=" " ind2="" tag="035">
            <subfield code="a">(TxDaGIAL)37741100010589</subfield>
        </datafield>
        <controlfield tag="005">20080624154329.0</controlfield>
        <controlfield tag="001">174</controlfield>
        <controlfield tag="003">TxDaGIAL</controlfield>
        <datafield ind1=" " ind2="" tag="852">
            <subfield code="p">37741100010589</subfield>
            <subfield code="a">Library</subfield>
            <subfield code="x">COPYID:186</subfield>
            <subfield code="x">FSC@aRegular@c19960401</subfield>
            <subfield code="h">401.9 M169a 1970</subfield>
            <subfield code="z">13200</subfield>
        </datafield>
    </record>