
    <record>
        <leader>00953cam a2200277 a 4500</leader>
        <controlfield tag="008">860107s1986    njua     b    00100 eng  </controlfield>
        <datafield ind1=" " ind2="" tag="010">
            <subfield code="a">   86001037 //r90</subfield>
        </datafield>
        <datafield ind1=" " ind2="" tag="020">
            <subfield code="a">0893912069</subfield>
        </datafield>
        <datafield ind1=" " ind2="" tag="040">
            <subfield code="a">DLC</subfield>
            <subfield code="c">DLC</subfield>
            <subfield code="d">DLC</subfield>
        </datafield>
        <datafield ind1="0" ind2="0" tag="050">
            <subfield code="a">LC149</subfield>
            <subfield code="b">.A27 1986</subfield>
        </datafield>
        <datafield ind1="0" ind2="0" tag="082">
            <subfield code="a">370.19</subfield>
            <subfield code="2">19</subfield>
        </datafield>
        <datafield ind1="0" ind2="4" tag="245">
            <subfield code="a">The Acquisition of literacy :</subfield>
            <subfield code="b">ethnographic perspectives /</subfield>
            <subfield code="c">Bambi B. Schieffelin, Perry Gilmore, editors.</subfield>
        </datafield>
        <datafield ind1="0" ind2=" " tag="260">
            <subfield code="a">Norwood, N.J. :</subfield>
            <subfield code="b">Ablex Pub. Corp.,</subfield>
            <subfield code="c">c1986.</subfield>
        </datafield>
        <datafield ind1=" " ind2="" tag="300">
            <subfield code="a">xiii, 282 p. :</subfield>
            <subfield code="b">ill. ;</subfield>
            <subfield code="c">24 cm.</subfield>
        </datafield>
        <datafield ind1=" " ind2="0" tag="440">
            <subfield code="a">Advances in discourse processes ;</subfield>
            <subfield code="v">v. 21</subfield>
        </datafield>
        <datafield ind1=" " ind2="" tag="504">
            <subfield code="a">Includes bibliographies and indexes.</subfield>
        </datafield>
        <datafield ind1=" " ind2="0" tag="650">
            <subfield code="a">Literacy.</subfield>
        </datafield>
        <datafield ind1=" " ind2="0" tag="650">
            <subfield code="a">Reading.</subfield>
        </datafield>
        <datafield ind1=" " ind2="0" tag="650">
            <subfield code="a">Children</subfield>
            <subfield code="x">Books and reading.</subfield>
        </datafield>
        <datafield ind1="1" ind2="0" tag="700">
            <subfield code="a">Schieffelin, Bambi B.</subfield>
        </datafield>
        <datafield ind1="1" ind2="0" tag="700">
            <subfield code="a">Gilmore, Perry.</subfield>
        </datafield>
        <datafield ind1=" " ind2="" tag="035">
            <subfield code="a">(TxDaGIAL)37741100008073</subfield>
        </datafield>
        <controlfield tag="005">20080624154329.0</controlfield>
        <controlfield tag="001">175</controlfield>
        <controlfield tag="003">TxDaGIAL</controlfield>
        <datafield ind1=" " ind2="" tag="852">
            <subfield code="p">37741100008073</subfield>
            <subfield code="a">Library</subfield>
            <subfield code="9">$24.95</subfield>
            <subfield code="x">COPYID:187</subfield>
            <subfield code="x">FSC@aRegular@c19950913</subfield>
            <subfield code="h">302.2244 A186s 1986</subfield>
            <subfield code="z">13064</subfield>
        </datafield>
    </record>