
    <record>
        <leader>00957pam a2200265 a 4500</leader>
        <controlfield tag="008">941107s1994    ne a     b    001 0 eng  </controlfield>
        <datafield ind1=" " ind2="" tag="010">
            <subfield code="a">   94000547 //r94</subfield>
        </datafield>
        <datafield ind1=" " ind2="" tag="020">
            <subfield code="a">1556192460 :</subfield>
            <subfield code="c">$40.00</subfield>
        </datafield>
        <datafield ind1=" " ind2="" tag="040">
            <subfield code="a">DLC</subfield>
            <subfield code="c">DLC</subfield>
            <subfield code="d">DLC</subfield>
        </datafield>
        <datafield ind1=" " ind2="" tag="043">
            <subfield code="a">i-mf---</subfield>
        </datafield>
        <datafield ind1="0" ind2="0" tag="050">
            <subfield code="a">PM7854.M3</subfield>
            <subfield code="b">A3 1994</subfield>
        </datafield>
        <datafield ind1="0" ind2="0" tag="082">
            <subfield code="a">447/.96982</subfield>
            <subfield code="2">20</subfield>
        </datafield>
        <datafield ind1="1" ind2=" " tag="100">
            <subfield code="a">Adone, Dany.</subfield>
        </datafield>
        <datafield ind1="1" ind2="4" tag="245">
            <subfield code="a">The acquisition of Mauritian Creole /</subfield>
            <subfield code="c">Dany Adone.</subfield>
        </datafield>
        <datafield ind1=" " ind2="" tag="260">
            <subfield code="a">Amsterdam ;</subfield>
            <subfield code="a">Philadelphia :</subfield>
            <subfield code="b">J. Benjamins,</subfield>
            <subfield code="c">c1994.</subfield>
        </datafield>
        <datafield ind1=" " ind2="" tag="300">
            <subfield code="a">x, 167 p. :</subfield>
            <subfield code="b">ill. ;</subfield>
            <subfield code="c">23 cm.</subfield>
        </datafield>
        <datafield ind1=" " ind2="0" tag="440">
            <subfield code="a">Language acquisition &amp; language disorders,</subfield>
            <subfield code="x">0925-0123 ;</subfield>
            <subfield code="v">v. 9</subfield>
        </datafield>
        <datafield ind1=" " ind2="" tag="504">
            <subfield code="a">Includes bibliographical references (p. [151]-157) and index.</subfield>
        </datafield>
        <datafield ind1=" " ind2="0" tag="650">
            <subfield code="a">Creole dialects, French</subfield>
            <subfield code="z">Mauritius.</subfield>
        </datafield>
        <datafield ind1=" " ind2="0" tag="650">
            <subfield code="a">Language acquisition.</subfield>
        </datafield>
        <datafield ind1=" " ind2="" tag="035">
            <subfield code="a">(TxDaGIAL)37741100010780</subfield>
        </datafield>
        <controlfield tag="005">20080624154330.0</controlfield>
        <controlfield tag="001">176</controlfield>
        <controlfield tag="003">TxDaGIAL</controlfield>
        <datafield ind1=" " ind2="" tag="852">
            <subfield code="p">37741100010780</subfield>
            <subfield code="a">Library</subfield>
            <subfield code="9">$34.80</subfield>
            <subfield code="x">FUND:Ling</subfield>
            <subfield code="x">COPYID:188</subfield>
            <subfield code="x">FSC@aRegular@c19960410</subfield>
            <subfield code="h">447.96982 A239a 1994</subfield>
            <subfield code="z">B/T 4-96</subfield>
        </datafield>
    </record>