
    <record>
        <leader>01110cam a2200265 i 4500</leader>
        <controlfield tag="008">780406s1978    mdua     b    10110 eng  </controlfield>
        <datafield ind1=" " ind2="" tag="010">
            <subfield code="a">   78007390</subfield>
        </datafield>
        <datafield ind1=" " ind2="" tag="020">
            <subfield code="a">0839112815 :</subfield>
            <subfield code="c">$14.50</subfield>
        </datafield>
        <datafield ind1=" " ind2="" tag="040">
            <subfield code="a">DLC</subfield>
            <subfield code="c">DLC</subfield>
            <subfield code="d">TxDaGIAL</subfield>
        </datafield>
        <datafield ind1="0" ind2=" " tag="050">
            <subfield code="a">LB1049.95</subfield>
            <subfield code="b">.D44 1975</subfield>
        </datafield>
        <datafield ind1=" " ind2="" tag="082">
            <subfield code="a">428/.4</subfield>
        </datafield>
        <datafield ind1="2" ind2="0" tag="111">
            <subfield code="a">Delaware Symposium on Curriculum, Learning, and Instruction</subfield>
            <subfield code="n">(2nd :</subfield>
            <subfield code="d">1975 :</subfield>
            <subfield code="c">Newark, Del.)</subfield>
        </datafield>
        <datafield ind1="1" ind2="4" tag="245">
            <subfield code="a">The acquisition of reading :</subfield>
            <subfield code="b">cognitive, linguistic, and perceptual prerequisites /</subfield>
            <subfield code="c">edited by Frank B. Murray and John J. Pikulski.</subfield>
        </datafield>
        <datafield ind1="0" ind2=" " tag="260">
            <subfield code="a">Baltimore :</subfield>
            <subfield code="b">University Park Press,</subfield>
            <subfield code="c">c1978.</subfield>
        </datafield>
        <datafield ind1=" " ind2="" tag="300">
            <subfield code="a">xi, 178 p. :</subfield>
            <subfield code="b">ill. ;</subfield>
            <subfield code="c">24 cm.</subfield>
        </datafield>
        <datafield ind1=" " ind2="" tag="500">
            <subfield code="a">Updated revisions of papers presented at the Second Delaware Symposium on Curriculum, Learning, and Instruction, Newark, Del., 1975.</subfield>
        </datafield>
        <datafield ind1=" " ind2="" tag="504">
            <subfield code="a">Includes bibliographies and index.</subfield>
        </datafield>
        <datafield ind1=" " ind2="0" tag="650">
            <subfield code="a">Reading</subfield>
            <subfield code="v">Congresses.</subfield>
        </datafield>
        <datafield ind1="1" ind2="0" tag="700">
            <subfield code="a">Murray, Frank B.</subfield>
        </datafield>
        <datafield ind1="1" ind2="0" tag="700">
            <subfield code="a">Pikulski, John J.</subfield>
        </datafield>
        <datafield ind1=" " ind2="" tag="035">
            <subfield code="a">(TxDaGIAL)37741100010063</subfield>
        </datafield>
        <controlfield tag="005">20080624154330.0</controlfield>
        <controlfield tag="001">177</controlfield>
        <controlfield tag="003">TxDaGIAL</controlfield>
        <datafield ind1=" " ind2="" tag="852">
            <subfield code="p">37741100010063</subfield>
            <subfield code="a">Library</subfield>
            <subfield code="x">COPYID:189</subfield>
            <subfield code="x">FSC@aRegular@c19951208</subfield>
            <subfield code="h">372.4 D343 1975</subfield>
            <subfield code="z">5448</subfield>
        </datafield>
    </record>