
    <record>
        <leader>01197cam a2200313 a 4500</leader>
        <controlfield tag="008">851018s1986    njua     b    00100 eng  </controlfield>
        <datafield ind1=" " ind2="" tag="010">
            <subfield code="a">   85027407 //r90</subfield>
        </datafield>
        <datafield ind1=" " ind2="" tag="020">
            <subfield code="z">0898596244</subfield>
        </datafield>
        <datafield ind1=" " ind2="" tag="020">
            <subfield code="z">0898596424</subfield>
        </datafield>
        <datafield ind1=" " ind2="" tag="040">
            <subfield code="a">DLC</subfield>
            <subfield code="c">DLC</subfield>
            <subfield code="d">DLC</subfield>
            <subfield code="d">OCoLC</subfield>
        </datafield>
        <datafield ind1="0" ind2="0" tag="050">
            <subfield code="a">LB1050</subfield>
            <subfield code="b">.A24 1986</subfield>
        </datafield>
        <datafield ind1="0" ind2="0" tag="082">
            <subfield code="a">372.4</subfield>
            <subfield code="2">19</subfield>
        </datafield>
        <datafield ind1="0" ind2="0" tag="245">
            <subfield code="a">Acquisition of reading skills :</subfield>
            <subfield code="b">cultural constraints and cognitive universals /</subfield>
            <subfield code="c">edited by Barbara R. Foorman, Alexander W. Siegel.</subfield>
        </datafield>
        <datafield ind1="0" ind2=" " tag="260">
            <subfield code="a">Hillsdale, N.J. :</subfield>
            <subfield code="b">L. Erlbaum Associates,</subfield>
            <subfield code="c">1986.</subfield>
        </datafield>
        <datafield ind1=" " ind2="" tag="300">
            <subfield code="a">x, 168 p. :</subfield>
            <subfield code="b">ill. ;</subfield>
            <subfield code="c">24 cm.</subfield>
        </datafield>
        <datafield ind1=" " ind2="" tag="504">
            <subfield code="a">Includes bibliographies and indexes.</subfield>
        </datafield>
        <datafield ind1=" " ind2="0" tag="650">
            <subfield code="a">Reading</subfield>
            <subfield code="v">Cross-cultural studies.</subfield>
        </datafield>
        <datafield ind1=" " ind2="0" tag="650">
            <subfield code="a">Reading</subfield>
            <subfield code="x">Code emphasis approaches.</subfield>
        </datafield>
        <datafield ind1=" " ind2="0" tag="650">
            <subfield code="a">Japanese language</subfield>
            <subfield code="x">Study and teaching (Elementary)</subfield>
        </datafield>
        <datafield ind1=" " ind2="0" tag="650">
            <subfield code="a">Chinese language</subfield>
            <subfield code="x">Study and teaching (Elementary)</subfield>
        </datafield>
        <datafield ind1=" " ind2="0" tag="650">
            <subfield code="a">English language</subfield>
            <subfield code="x">Study and teaching (Elementary)</subfield>
        </datafield>
        <datafield ind1=" " ind2="0" tag="650">
            <subfield code="a">Reading</subfield>
            <subfield code="x">Phonetic method.</subfield>
        </datafield>
        <datafield ind1="1" ind2="0" tag="700">
            <subfield code="a">Foorman, Barbara R.</subfield>
        </datafield>
        <datafield ind1="1" ind2="0" tag="700">
            <subfield code="a">Siegel, Alexander W.</subfield>
        </datafield>
        <datafield ind1=" " ind2="" tag="035">
            <subfield code="a">(TxDaGIAL)37741100010064</subfield>
        </datafield>
        <controlfield tag="005">20080624154330.0</controlfield>
        <controlfield tag="001">178</controlfield>
        <controlfield tag="003">TxDaGIAL</controlfield>
        <datafield ind1=" " ind2="" tag="852">
            <subfield code="p">37741100010064</subfield>
            <subfield code="a">Library</subfield>
            <subfield code="x">COPYID:190</subfield>
            <subfield code="x">FSC@aRegular@c19951208</subfield>
            <subfield code="h">372.4 A186f 1986</subfield>
            <subfield code="z">12243</subfield>
        </datafield>
    </record>