
    <record>
        <leader>00853nam a2200253Ii 4500</leader>
        <controlfield tag="008">750423c19741972inu      b    00010 eng u</controlfield>
        <datafield ind1=" " ind2="" tag="035">
            <subfield code="a">(CU-UC)dlaisn1892304</subfield>
        </datafield>
        <datafield ind1=" " ind2="" tag="040">
            <subfield code="a">na</subfield>
            <subfield code="c">na</subfield>
            <subfield code="d">CU-I</subfield>
        </datafield>
        <datafield ind1="1" ind2="0" tag="100">
            <subfield code="a">Sheldon, Amy Louise.</subfield>
        </datafield>
        <datafield ind1="1" ind2="4" tag="245">
            <subfield code="a">The acquisition of relative clauses in English /</subfield>
            <subfield code="c">Amy Louise Sheldon.</subfield>
        </datafield>
        <datafield ind1="0" ind2=" " tag="260">
            <subfield code="a">Bloomington, Ind. :</subfield>
            <subfield code="b">Indiana University Linguistics Club,</subfield>
            <subfield code="c">1974, c1972.</subfield>
        </datafield>
        <datafield ind1=" " ind2="" tag="300">
            <subfield code="a">iv, 88 p. ;</subfield>
            <subfield code="c">28 cm.</subfield>
        </datafield>
        <datafield ind1=" " ind2="" tag="500">
            <subfield code="a">Cover title.</subfield>
        </datafield>
        <datafield ind1=" " ind2="" tag="504">
            <subfield code="a">Bibliography:  p. 84-88.</subfield>
        </datafield>
        <datafield ind1=" " ind2="" tag="546">
            <subfield code="a">English.</subfield>
        </datafield>
        <datafield ind1=" " ind2="0" tag="650">
            <subfield code="a">English language</subfield>
            <subfield code="x">Clauses.</subfield>
        </datafield>
        <datafield ind1=" " ind2="0" tag="650">
            <subfield code="a">Children</subfield>
            <subfield code="x">Language.</subfield>
        </datafield>
        <datafield ind1=" " ind2="0" tag="650">
            <subfield code="a">Child development.</subfield>
        </datafield>
        <datafield ind1="2" ind2="0" tag="710">
            <subfield code="a">Indiana University Linguistics Club.</subfield>
        </datafield>
        <datafield ind1=" " ind2="" tag="035">
            <subfield code="a">(TxDaGIAL)37741100013681</subfield>
        </datafield>
        <controlfield tag="005">20080624154330.0</controlfield>
        <controlfield tag="001">179</controlfield>
        <controlfield tag="003">TxDaGIAL</controlfield>
        <datafield ind1=" " ind2="" tag="852">
            <subfield code="p">37741100013681</subfield>
            <subfield code="a">Library</subfield>
            <subfield code="x">COPYID:191</subfield>
            <subfield code="x">FSC@aRegular@c19961101</subfield>
            <subfield code="h">425 S544a 1974</subfield>
        </datafield>
    </record>