
    <record>
        <leader>01006cam a2200289 i 4500</leader>
        <controlfield tag="008">700312s1969    maua     b    00100 eng  </controlfield>
        <datafield ind1=" " ind2="" tag="010">
            <subfield code="a">   70087287</subfield>
        </datafield>
        <datafield ind1=" " ind2="" tag="020">
            <subfield code="a">0262030330</subfield>
        </datafield>
        <datafield ind1=" " ind2="" tag="040">
            <subfield code="a">DLC</subfield>
            <subfield code="c">DLC</subfield>
            <subfield code="d">TxDaGIAL</subfield>
        </datafield>
        <datafield ind1="0" ind2=" " tag="050">
            <subfield code="a">LB1576</subfield>
            <subfield code="b">.C555</subfield>
        </datafield>
        <datafield ind1=" " ind2="" tag="082">
            <subfield code="a">372.6/1</subfield>
        </datafield>
        <datafield ind1="1" ind2="0" tag="100">
            <subfield code="a">Chomsky, Carol.</subfield>
        </datafield>
        <datafield ind1="1" ind2="4" tag="245">
            <subfield code="a">The acquisition of syntax in children from 5 to 10. /</subfield>
            <subfield code="c">Carol Chomsky.</subfield>
        </datafield>
        <datafield ind1="0" ind2=" " tag="260">
            <subfield code="a">Cambridge, Mass. :</subfield>
            <subfield code="b">M.I.T. Press,</subfield>
            <subfield code="c">c1969.</subfield>
        </datafield>
        <datafield ind1=" " ind2="" tag="300">
            <subfield code="a">126 p. :</subfield>
            <subfield code="b">ill. ;</subfield>
            <subfield code="c">24 cm.</subfield>
        </datafield>
        <datafield ind1="1" ind2=" " tag="490">
            <subfield code="a">M.I.T. research monograph ;</subfield>
            <subfield code="v">57</subfield>
        </datafield>
        <datafield ind1=" " ind2="" tag="500">
            <subfield code="a">Based on the author's thesis, Harvard University, 1968.</subfield>
        </datafield>
        <datafield ind1=" " ind2="" tag="504">
            <subfield code="a">Bibliography: p. 123-124.</subfield>
        </datafield>
        <datafield ind1=" " ind2="" tag="500">
            <subfield code="a">Includes index.</subfield>
        </datafield>
        <datafield ind1=" " ind2="0" tag="650">
            <subfield code="a">English language</subfield>
            <subfield code="x">Study and teaching (Elementary)</subfield>
        </datafield>
        <datafield ind1=" " ind2="0" tag="650">
            <subfield code="a">English language</subfield>
            <subfield code="x">Syntax.</subfield>
        </datafield>
        <datafield ind1=" " ind2="0" tag="830">
            <subfield code="a">M.I.T. Press research monographs ;</subfield>
            <subfield code="v">57.</subfield>
        </datafield>
        <datafield ind1=" " ind2="" tag="035">
            <subfield code="a">(TxDaGIAL)37741100009583</subfield>
        </datafield>
        <controlfield tag="005">20080624154330.0</controlfield>
        <controlfield tag="001">180</controlfield>
        <controlfield tag="003">TxDaGIAL</controlfield>
        <datafield ind1=" " ind2="" tag="852">
            <subfield code="p">37741100009583</subfield>
            <subfield code="a">Library</subfield>
            <subfield code="x">COPYID:192</subfield>
            <subfield code="x">FSC@aRegular@c19951114</subfield>
            <subfield code="h">372.61 C548a 1969</subfield>
            <subfield code="z">3440</subfield>
        </datafield>
    </record>