
    <record>
        <leader>00790cam a2200241 i 4500</leader>
        <controlfield tag="008">730102s1971    dcua     b    00000 eng  </controlfield>
        <datafield ind1=" " ind2="" tag="010">
            <subfield code="a">   72076735 //r85</subfield>
        </datafield>
        <datafield ind1=" " ind2="" tag="040">
            <subfield code="a">DLC</subfield>
            <subfield code="c">DLC</subfield>
            <subfield code="d">TxDaGIAL</subfield>
        </datafield>
        <datafield ind1="0" ind2=" " tag="050">
            <subfield code="a">P136</subfield>
            <subfield code="b">.K4</subfield>
        </datafield>
        <datafield ind1=" " ind2="" tag="082">
            <subfield code="a">401</subfield>
        </datafield>
        <datafield ind1="1" ind2="0" tag="100">
            <subfield code="a">Kessler, Carolyn.</subfield>
        </datafield>
        <datafield ind1="1" ind2="4" tag="245">
            <subfield code="a">The acquisition of syntax in bilingual children /</subfield>
            <subfield code="c">Carolyn Kessler.</subfield>
        </datafield>
        <datafield ind1="0" ind2=" " tag="260">
            <subfield code="a">Washington :</subfield>
            <subfield code="b">Georgetown University Press,</subfield>
            <subfield code="c">[c1971]</subfield>
        </datafield>
        <datafield ind1=" " ind2="" tag="300">
            <subfield code="a">xi, 109 p. :</subfield>
            <subfield code="b">illus. ;</subfield>
            <subfield code="c">23 cm.</subfield>
        </datafield>
        <datafield ind1=" " ind2="" tag="504">
            <subfield code="a">Bibliography: p. 101-109.</subfield>
        </datafield>
        <datafield ind1=" " ind2="0" tag="650">
            <subfield code="a">Language acquisition.</subfield>
        </datafield>
        <datafield ind1=" " ind2="0" tag="650">
            <subfield code="a">Bilingualism in children.</subfield>
        </datafield>
        <datafield ind1=" " ind2="0" tag="650">
            <subfield code="a">Psycholinguistics.</subfield>
        </datafield>
        <datafield ind1=" " ind2="" tag="035">
            <subfield code="a">(TxDaGIAL)37741100009832</subfield>
        </datafield>
        <controlfield tag="005">20080624154330.0</controlfield>
        <controlfield tag="001">181</controlfield>
        <controlfield tag="003">TxDaGIAL</controlfield>
        <datafield ind1=" " ind2="" tag="852">
            <subfield code="p">37741100009832</subfield>
            <subfield code="a">Library</subfield>
            <subfield code="x">COPYID:193</subfield>
            <subfield code="x">FSC@aRegular@c19951127</subfield>
            <subfield code="h">401.93 K42 1971</subfield>
            <subfield code="z">3923</subfield>
        </datafield>
    </record>