
    <record>
        <leader>01141nam a2200265 a 4500</leader>
        <controlfield tag="008">880304s1987    inu      b    00010 eng d</controlfield>
        <datafield ind1=" " ind2="" tag="035">
            <subfield code="a">(CU-UC)dlaisn4791199</subfield>
        </datafield>
        <datafield ind1=" " ind2="" tag="040">
            <subfield code="a">IQU</subfield>
            <subfield code="c">IQU</subfield>
            <subfield code="d">CU-S</subfield>
            <subfield code="d">TxDaGIAL</subfield>
        </datafield>
        <datafield ind1="1" ind2="0" tag="100">
            <subfield code="a">Dissosway, Patricia Ann.</subfield>
        </datafield>
        <datafield ind1="1" ind2="0" tag="245">
            <subfield code="a">Acquisition of the syntactic category adverb :</subfield>
            <subfield code="b">evidence from second language learners' written use of English adverbs /</subfield>
            <subfield code="c">by Patricia Dissosway.</subfield>
        </datafield>
        <datafield ind1="0" ind2=" " tag="260">
            <subfield code="a">Bloomington, Ind. :</subfield>
            <subfield code="b">Indiana University Linguistics Club,</subfield>
            <subfield code="c">1987.</subfield>
        </datafield>
        <datafield ind1=" " ind2="" tag="300">
            <subfield code="a">xi, 128 p. ;</subfield>
            <subfield code="c">28 cm.</subfield>
        </datafield>
        <datafield ind1=" " ind2="" tag="500">
            <subfield code="a">Originally presented as the author's thesis (Ph. D.--Indiana University, 1984).</subfield>
        </datafield>
        <datafield ind1=" " ind2="" tag="500">
            <subfield code="a">Errata slip inserted.</subfield>
        </datafield>
        <datafield ind1=" " ind2="" tag="504">
            <subfield code="a">Bibliography: p. 122-128.</subfield>
        </datafield>
        <datafield ind1=" " ind2="0" tag="650">
            <subfield code="a">English language</subfield>
            <subfield code="x">Adverb.</subfield>
        </datafield>
        <datafield ind1=" " ind2="0" tag="650">
            <subfield code="a">Grammar, Comparative and general</subfield>
            <subfield code="x">Adverb.</subfield>
        </datafield>
        <datafield ind1=" " ind2="0" tag="650">
            <subfield code="a">English language</subfield>
            <subfield code="x">Study and teaching</subfield>
            <subfield code="x">Foreign speakers.</subfield>
        </datafield>
        <datafield ind1=" " ind2="0" tag="650">
            <subfield code="a">Second language acquisition.</subfield>
        </datafield>
        <datafield ind1="2" ind2="0" tag="710">
            <subfield code="a">Indiana University Linguistics Club.</subfield>
        </datafield>
        <datafield ind1=" " ind2="" tag="035">
            <subfield code="a">(TxDaGIAL)37741100013621</subfield>
        </datafield>
        <controlfield tag="005">20080624154331.0</controlfield>
        <controlfield tag="001">182</controlfield>
        <controlfield tag="003">TxDaGIAL</controlfield>
        <datafield ind1=" " ind2="" tag="852">
            <subfield code="p">37741100013621</subfield>
            <subfield code="a">Library</subfield>
            <subfield code="9">$10.15</subfield>
            <subfield code="x">COPYID:194</subfield>
            <subfield code="x">FSC@aRegular@c19961104</subfield>
            <subfield code="h">425 D613a 1987</subfield>
            <subfield code="z">dir. 1-89</subfield>
        </datafield>
    </record>