
    <record>
        <leader>00990cam a2200277 i 4500</leader>
        <controlfield tag="008">780801r19781932nyua     b    00110aeng  </controlfield>
        <datafield ind1=" " ind2="" tag="010">
            <subfield code="a">   75032804</subfield>
        </datafield>
        <datafield ind1=" " ind2="" tag="020">
            <subfield code="a">0404141080</subfield>
        </datafield>
        <datafield ind1=" " ind2="" tag="040">
            <subfield code="a">DLC</subfield>
            <subfield code="c">DLC</subfield>
            <subfield code="d">TxDaGIAL</subfield>
        </datafield>
        <datafield ind1=" " ind2="" tag="043">
            <subfield code="a">a-pp---</subfield>
        </datafield>
        <datafield ind1="0" ind2=" " tag="050">
            <subfield code="a">DU740.2</subfield>
            <subfield code="b">.C45 1978</subfield>
        </datafield>
        <datafield ind1=" " ind2="" tag="082">
            <subfield code="a">919.5/3/04</subfield>
        </datafield>
        <datafield ind1="1" ind2="0" tag="100">
            <subfield code="a">Champion, Ivan F.</subfield>
        </datafield>
        <datafield ind1="1" ind2="0" tag="245">
            <subfield code="a">Across New Guinea from the Fly to the Sepik /</subfield>
            <subfield code="c">by Ivan F. Champion ; with an introd. by Sir Hubert Murray.</subfield>
        </datafield>
        <datafield ind1=" " ind2="" tag="250">
            <subfield code="a">1st AMS ed.</subfield>
        </datafield>
        <datafield ind1="0" ind2=" " tag="260">
            <subfield code="a">New York :</subfield>
            <subfield code="b">AMS Press,</subfield>
            <subfield code="c">[1978]</subfield>
        </datafield>
        <datafield ind1=" " ind2="" tag="300">
            <subfield code="a">xix, 267 p., [24] leaves of plates :</subfield>
            <subfield code="b">ill. ;</subfield>
            <subfield code="c">22 cm.</subfield>
        </datafield>
        <datafield ind1=" " ind2="" tag="500">
            <subfield code="a">Reprint of the 1932 ed. published by Constable, London.</subfield>
        </datafield>
        <datafield ind1=" " ind2="" tag="504">
            <subfield code="a">Includes bibliographical references and index.</subfield>
        </datafield>
        <datafield ind1=" " ind2="0" tag="651">
            <subfield code="a">Papua New Guinea</subfield>
            <subfield code="x">Description and travel.</subfield>
        </datafield>
        <datafield ind1="1" ind2="0" tag="600">
            <subfield code="a">Champion, Ivan F.</subfield>
        </datafield>
        <datafield ind1=" " ind2="" tag="035">
            <subfield code="a">(TxDaGIAL)37741100007546</subfield>
        </datafield>
        <controlfield tag="005">20080624154331.0</controlfield>
        <controlfield tag="001">183</controlfield>
        <controlfield tag="003">TxDaGIAL</controlfield>
        <datafield ind1=" " ind2="" tag="852">
            <subfield code="p">37741100007546</subfield>
            <subfield code="a">Library</subfield>
            <subfield code="x">COPYID:195</subfield>
            <subfield code="x">FSC@aRegular@c19950901</subfield>
            <subfield code="h">919.53 C452 1978</subfield>
            <subfield code="z">5409</subfield>
        </datafield>
    </record>