
    <record>
        <leader>01050cam a2200289 i 4500</leader>
        <controlfield tag="008">780522s1978    mdu      b    00110 eng  </controlfield>
        <datafield ind1=" " ind2="" tag="010">
            <subfield code="a">   78058296 //r923</subfield>
        </datafield>
        <datafield ind1=" " ind2="" tag="020">
            <subfield code="a">0801821010</subfield>
        </datafield>
        <datafield ind1=" " ind2="" tag="040">
            <subfield code="a">DLC</subfield>
            <subfield code="c">DLC</subfield>
            <subfield code="d">DLC</subfield>
        </datafield>
        <datafield ind1="1" ind2=" " tag="041">
            <subfield code="a">engger</subfield>
        </datafield>
        <datafield ind1="0" ind2="0" tag="050">
            <subfield code="a">PN83</subfield>
            <subfield code="b">.I813</subfield>
        </datafield>
        <datafield ind1="0" ind2="0" tag="082">
            <subfield code="a">001.54/3</subfield>
        </datafield>
        <datafield ind1="1" ind2="0" tag="100">
            <subfield code="a">Iser, Wolfgang.</subfield>
        </datafield>
        <datafield ind1="1" ind2="0" tag="240">
            <subfield code="a">Akt des Lesens.</subfield>
            <subfield code="l">English.</subfield>
        </datafield>
        <datafield ind1="1" ind2="4" tag="245">
            <subfield code="a">The act of reading :</subfield>
            <subfield code="b">a theory of aesthetic response /</subfield>
            <subfield code="c">by Wolfgang Iser.</subfield>
        </datafield>
        <datafield ind1="0" ind2=" " tag="260">
            <subfield code="a">Baltimore :</subfield>
            <subfield code="b">Johns Hopkins University Press,</subfield>
            <subfield code="c">c1978.</subfield>
        </datafield>
        <datafield ind1=" " ind2="" tag="300">
            <subfield code="a">xii, 239 p. ;</subfield>
            <subfield code="c">24 cm.</subfield>
        </datafield>
        <datafield ind1=" " ind2="" tag="500">
            <subfield code="a">Translation of Der Akt des Lesens.</subfield>
        </datafield>
        <datafield ind1=" " ind2="" tag="504">
            <subfield code="a">Includes bibliographical references and indexes.</subfield>
        </datafield>
        <datafield ind1=" " ind2="0" tag="650">
            <subfield code="a">Reader-response criticism.</subfield>
        </datafield>
        <datafield ind1=" " ind2="0" tag="650">
            <subfield code="a">Literature</subfield>
            <subfield code="x">History and criticism</subfield>
            <subfield code="x">Theory, etc.</subfield>
        </datafield>
        <datafield ind1=" " ind2="" tag="035">
            <subfield code="a">(TxDaGIAL)37741100008877</subfield>
        </datafield>
        <controlfield tag="005">20080624154331.0</controlfield>
        <controlfield tag="001">184</controlfield>
        <controlfield tag="003">TxDaGIAL</controlfield>
        <datafield ind1=" " ind2="" tag="852">
            <subfield code="p">37741100008877</subfield>
            <subfield code="a">Library</subfield>
            <subfield code="x">COPYID:196</subfield>
            <subfield code="x">FSC@aRegular@c19951019</subfield>
            <subfield code="h">418.4 I78a.E 1978</subfield>
            <subfield code="z">5446</subfield>
        </datafield>
        <datafield ind1=" " ind2="" tag="852">
            <subfield code="p">37741100008878</subfield>
            <subfield code="a">Library</subfield>
            <subfield code="x">COPYID:197</subfield>
            <subfield code="x">FSC@aRegular@c19951019</subfield>
            <subfield code="h">418.4 I78a.E 1978</subfield>
            <subfield code="z">5447</subfield>
        </datafield>
    </record>