
    <record>
        <leader>01115cam a2200265Ii 4500</leader>
        <controlfield tag="008">760326s1959    gt            100 0 spa  </controlfield>
        <datafield ind1=" " ind2="" tag="010">
            <subfield code="a">   60025080</subfield>
        </datafield>
        <datafield ind1=" " ind2="" tag="035">
            <subfield code="a">(CU-UC)2119607</subfield>
        </datafield>
        <datafield ind1=" " ind2="" tag="040">
            <subfield code="a">DLC</subfield>
            <subfield code="c">TEU</subfield>
        </datafield>
        <datafield ind1=" " ind2="" tag="050">
            <subfield code="a">E51</subfield>
            <subfield code="b">.I492</subfield>
        </datafield>
        <datafield ind1="2" ind2=" " tag="111">
            <subfield code="a">Congreso Ind&#169;&#431;genista Interamericano.</subfield>
        </datafield>
        <datafield ind1="1" ind2="0" tag="245">
            <subfield code="a">Actas finales de los tres primeros Congresos Indigenistas Interamericanos.</subfield>
        </datafield>
        <datafield ind1=" " ind2="" tag="260">
            <subfield code="a">Guatemala,</subfield>
            <subfield code="c">1959.</subfield>
        </datafield>
        <datafield ind1=" " ind2="" tag="300">
            <subfield code="a">205 p. ;</subfield>
            <subfield code="c">18 cm.</subfield>
        </datafield>
        <datafield ind1=" " ind2="0" tag="440">
            <subfield code="a">Publicaciones del Comit&#169;&#9837; Organizador del IV Congreso Indigenista Interamericano</subfield>
        </datafield>
        <datafield ind1=" " ind2="" tag="500">
            <subfield code="a">&quot;Acuerdo entre el Consejo de la Organizaci&#169;&#273;n de los Estados Americanos y el Instituto Indigenista Interamericano&quot;: p. [179]-186.</subfield>
        </datafield>
        <datafield ind1=" " ind2="" tag="500">
            <subfield code="a">&quot;Convenci&#169;&#273;n internacional relativa a los Congresos Indigenistas Interamericanos y al Instituto Indigenista Interamericano, diciembre de 1940&quot;: p. [187]-205.</subfield>
        </datafield>
        <datafield ind1=" " ind2="" tag="546">
            <subfield code="a">Spanish.</subfield>
        </datafield>
        <datafield ind1=" " ind2="0" tag="650">
            <subfield code="a">Indians.</subfield>
        </datafield>
        <datafield ind1=" " ind2="0" tag="650">
            <subfield code="a">Ethnology</subfield>
            <subfield code="z">America</subfield>
            <subfield code="v">Congresses.</subfield>
        </datafield>
        <datafield ind1=" " ind2="" tag="035">
            <subfield code="a">(TxDaGIAL)37741100019450</subfield>
        </datafield>
        <controlfield tag="005">20080624154331.0</controlfield>
        <controlfield tag="001">185</controlfield>
        <controlfield tag="003">TxDaGIAL</controlfield>
        <datafield ind1=" " ind2="" tag="852">
            <subfield code="p">37741100019450</subfield>
            <subfield code="a">Library</subfield>
            <subfield code="x">COPYID:198</subfield>
            <subfield code="x">FSC@aRegular@c19970805</subfield>
            <subfield code="h">980 I61a 1959</subfield>
        </datafield>
    </record>