
    <record>
        <leader>01023pam a2200289 a 4500</leader>
        <controlfield tag="008">861113s1986    dcua     b    00010 eng  </controlfield>
        <datafield ind1=" " ind2="" tag="010">
            <subfield code="a">   86028215</subfield>
        </datafield>
        <datafield ind1=" " ind2="" tag="020">
            <subfield code="a">0821308645 (pbk.)</subfield>
        </datafield>
        <datafield ind1=" " ind2="" tag="040">
            <subfield code="a">DLC</subfield>
            <subfield code="c">DLC</subfield>
        </datafield>
        <datafield ind1=" " ind2="" tag="043">
            <subfield code="a">d------</subfield>
        </datafield>
        <datafield ind1="0" ind2=" " tag="050">
            <subfield code="a">HC59.7</subfield>
            <subfield code="b">.S4656 1986</subfield>
        </datafield>
        <datafield ind1="0" ind2=" " tag="082">
            <subfield code="a">338.9/0068</subfield>
            <subfield code="2">19</subfield>
        </datafield>
        <datafield ind1="1" ind2="0" tag="100">
            <subfield code="a">Silverman, Jerry M.</subfield>
        </datafield>
        <datafield ind1="1" ind2="0" tag="245">
            <subfield code="a">Action-planning workshops for development management :</subfield>
            <subfield code="b">guidelines /</subfield>
            <subfield code="c">Jerry M. Silverman, Merlyn Kettering, and Terry D. Schmidt.</subfield>
        </datafield>
        <datafield ind1="0" ind2=" " tag="260">
            <subfield code="a">Washington, D.C., U.S.A. :</subfield>
            <subfield code="b">World Bank,</subfield>
            <subfield code="c">1986.</subfield>
        </datafield>
        <datafield ind1=" " ind2="" tag="300">
            <subfield code="a">ix, 74 p. :</subfield>
            <subfield code="b">ill. ;</subfield>
            <subfield code="c">29 cm.</subfield>
        </datafield>
        <datafield ind1=" " ind2="0" tag="440">
            <subfield code="a">World Bank technical paper,</subfield>
            <subfield code="x">0253-7494 ;</subfield>
            <subfield code="v">no. 56</subfield>
        </datafield>
        <datafield ind1=" " ind2="" tag="504">
            <subfield code="a">Bibliography: p. 49-54.</subfield>
        </datafield>
        <datafield ind1=" " ind2="0" tag="651">
            <subfield code="a">Developing countries</subfield>
            <subfield code="x">Economic policy.</subfield>
        </datafield>
        <datafield ind1=" " ind2="0" tag="650">
            <subfield code="a">Economic development.</subfield>
        </datafield>
        <datafield ind1="1" ind2="0" tag="700">
            <subfield code="a">Kettering, Merlyn.</subfield>
        </datafield>
        <datafield ind1="1" ind2="0" tag="700">
            <subfield code="a">Schmidt, Terry.</subfield>
        </datafield>
        <datafield ind1=" " ind2="" tag="035">
            <subfield code="a">(TxDaGIAL)37741100006135</subfield>
        </datafield>
        <controlfield tag="005">20080624154331.0</controlfield>
        <controlfield tag="001">186</controlfield>
        <controlfield tag="003">TxDaGIAL</controlfield>
        <datafield ind1=" " ind2="" tag="852">
            <subfield code="p">37741100006135</subfield>
            <subfield code="a">Library</subfield>
            <subfield code="x">COPYID:199</subfield>
            <subfield code="x">FSC@aRegular@c19950802</subfield>
            <subfield code="h">338.90068 S587a 1986</subfield>
            <subfield code="z">13098</subfield>
        </datafield>
    </record>