
    <record>
        <leader>00737cam a2200217   4500</leader>
        <controlfield tag="008">710414s1971    maua          00110 eng  </controlfield>
        <datafield ind1=" " ind2="" tag="010">
            <subfield code="a">   71126627 //r93</subfield>
        </datafield>
        <datafield ind1=" " ind2="" tag="040">
            <subfield code="a">DLC</subfield>
            <subfield code="c">DLC</subfield>
            <subfield code="d">DLC</subfield>
            <subfield code="d">TxDaGIAL</subfield>
        </datafield>
        <datafield ind1="0" ind2=" " tag="041">
            <subfield code="a">engger</subfield>
        </datafield>
        <datafield ind1="0" ind2="0" tag="050">
            <subfield code="a">PF3112</subfield>
            <subfield code="b">.P58</subfield>
        </datafield>
        <datafield ind1="0" ind2="0" tag="082">
            <subfield code="a">438/.2/421</subfield>
        </datafield>
        <datafield ind1="1" ind2="0" tag="100">
            <subfield code="a">Politzer, Robert Louis,</subfield>
            <subfield code="d">1921-</subfield>
        </datafield>
        <datafield ind1="1" ind2="0" tag="245">
            <subfield code="a">Active review of German :</subfield>
            <subfield code="b">a German review grammar /</subfield>
            <subfield code="c">[by] Robert L. Politzer.</subfield>
        </datafield>
        <datafield ind1="0" ind2=" " tag="260">
            <subfield code="a">Waltham, Mass. :</subfield>
            <subfield code="b">Xerox College Pub.,</subfield>
            <subfield code="c">[1971]</subfield>
        </datafield>
        <datafield ind1=" " ind2="" tag="300">
            <subfield code="a">viii, 230 p. :</subfield>
            <subfield code="b">illus. ;</subfield>
            <subfield code="c">24 cm.</subfield>
        </datafield>
        <datafield ind1=" " ind2="0" tag="650">
            <subfield code="a">German language</subfield>
            <subfield code="x">Grammar.</subfield>
        </datafield>
        <datafield ind1=" " ind2="" tag="035">
            <subfield code="a">(TxDaGIAL)37741100007275</subfield>
        </datafield>
        <controlfield tag="005">20080624154331.0</controlfield>
        <controlfield tag="001">187</controlfield>
        <controlfield tag="003">TxDaGIAL</controlfield>
        <datafield ind1=" " ind2="" tag="852">
            <subfield code="p">37741100007275</subfield>
            <subfield code="a">Library</subfield>
            <subfield code="x">COPYID:200</subfield>
            <subfield code="x">FSC@aRegular@c19950825</subfield>
            <subfield code="h">438.2421 P769a 1971</subfield>
            <subfield code="z">1-90</subfield>
        </datafield>
    </record>