
    <record>
        <leader>00723nam a2200193Ii 4500</leader>
        <controlfield tag="008">741010s1966    pau           00010 eng u</controlfield>
        <datafield ind1=" " ind2="" tag="040">
            <subfield code="d">TxDaGIAL</subfield>
        </datafield>
        <datafield ind1="1" ind2="0" tag="100">
            <subfield code="a">Erdman, Charles Rosenbury,</subfield>
            <subfield code="d">1866-1960.</subfield>
        </datafield>
        <datafield ind1="1" ind2="4" tag="245">
            <subfield code="a">The Acts :</subfield>
            <subfield code="b">an exposition /</subfield>
            <subfield code="c">by Charles R. Erdman.</subfield>
        </datafield>
        <datafield ind1="0" ind2=" " tag="260">
            <subfield code="a">Philadelphia :</subfield>
            <subfield code="b">Westminster Press,</subfield>
            <subfield code="c">c1966.</subfield>
        </datafield>
        <datafield ind1=" " ind2="" tag="300">
            <subfield code="a">196 p. ;</subfield>
            <subfield code="c">19 cm.</subfield>
        </datafield>
        <datafield ind1=" " ind2="" tag="546">
            <subfield code="a">English.</subfield>
        </datafield>
        <datafield ind1="0" ind2="0" tag="630">
            <subfield code="a">Bible.</subfield>
            <subfield code="p">N.T.</subfield>
            <subfield code="p">Acts</subfield>
            <subfield code="v">Commentaries.</subfield>
        </datafield>
        <datafield ind1=" " ind2="" tag="035">
            <subfield code="a">(TxDaGIAL)37741100017398</subfield>
        </datafield>
        <controlfield tag="005">20080624154331.0</controlfield>
        <controlfield tag="001">188</controlfield>
        <controlfield tag="003">TxDaGIAL</controlfield>
        <datafield ind1=" " ind2="" tag="852">
            <subfield code="p">37741100017398</subfield>
            <subfield code="a">Library</subfield>
            <subfield code="b">John Beekman Tran Li</subfield>
            <subfield code="x">COPYID:201</subfield>
            <subfield code="x">FSC@aRegular@c19970508</subfield>
            <subfield code="h">226.6077 E66 1966</subfield>
            <subfield code="z">6988</subfield>
        </datafield>
        <datafield ind1=" " ind2="" tag="852">
            <subfield code="p">37741100017399</subfield>
            <subfield code="a">Library</subfield>
            <subfield code="x">COPYID:202</subfield>
            <subfield code="x">FSC@aRegular@c19970508</subfield>
            <subfield code="h">226.6077 E66 1966</subfield>
            <subfield code="z">810</subfield>
        </datafield>
    </record>