
    <record>
        <leader>00933cam a2200277 a 4500</leader>
        <controlfield tag="008">850108s1985    cau      b    00110 eng  </controlfield>
        <datafield ind1=" " ind2="" tag="010">
            <subfield code="a">   83048427</subfield>
        </datafield>
        <datafield ind1=" " ind2="" tag="020">
            <subfield code="a">0060694513 (pbk.) :</subfield>
            <subfield code="c">$12.95</subfield>
        </datafield>
        <datafield ind1=" " ind2="" tag="040">
            <subfield code="a">DLC</subfield>
            <subfield code="c">DLC</subfield>
            <subfield code="d">DLC</subfield>
            <subfield code="d">TxDaGIAL</subfield>
        </datafield>
        <datafield ind1="0" ind2=" " tag="050">
            <subfield code="a">BS2625.3</subfield>
            <subfield code="b">.W55 1985</subfield>
        </datafield>
        <datafield ind1="0" ind2=" " tag="082">
            <subfield code="a">226/.6077</subfield>
            <subfield code="2">19</subfield>
        </datafield>
        <datafield ind1="1" ind2="0" tag="100">
            <subfield code="a">Williams, David John.</subfield>
        </datafield>
        <datafield ind1="1" ind2="0" tag="245">
            <subfield code="a">Acts /</subfield>
            <subfield code="c">David John Williams.</subfield>
        </datafield>
        <datafield ind1=" " ind2="" tag="250">
            <subfield code="a">1st ed.</subfield>
        </datafield>
        <datafield ind1="0" ind2=" " tag="260">
            <subfield code="a">San Francisco :</subfield>
            <subfield code="b">Harper &amp; Row,</subfield>
            <subfield code="c">c1985.</subfield>
        </datafield>
        <datafield ind1=" " ind2="" tag="300">
            <subfield code="a">xxx, 478 p. :</subfield>
            <subfield code="b">map ;</subfield>
            <subfield code="c">21 cm.</subfield>
        </datafield>
        <datafield ind1=" " ind2="2" tag="440">
            <subfield code="a">A Good news commentary</subfield>
        </datafield>
        <datafield ind1=" " ind2="" tag="504">
            <subfield code="a">Bibliography: p. 458-463.</subfield>
        </datafield>
        <datafield ind1=" " ind2="" tag="500">
            <subfield code="a">Includes indexes.</subfield>
        </datafield>
        <datafield ind1="0" ind2="0" tag="630">
            <subfield code="a">Bible.</subfield>
            <subfield code="p">N.T.</subfield>
            <subfield code="p">Acts</subfield>
            <subfield code="v">Commentaries.</subfield>
        </datafield>
        <datafield ind1="0" ind2="2" tag="730">
            <subfield code="a">Bible.</subfield>
            <subfield code="p">N.T.</subfield>
            <subfield code="p">Acts.</subfield>
            <subfield code="l">English.</subfield>
            <subfield code="s">Today's English.</subfield>
            <subfield code="f">1985.</subfield>
        </datafield>
        <datafield ind1=" " ind2="" tag="035">
            <subfield code="a">(TxDaGIAL)37741100022930</subfield>
        </datafield>
        <controlfield tag="005">20080624154332.0</controlfield>
        <controlfield tag="001">189</controlfield>
        <controlfield tag="003">TxDaGIAL</controlfield>
        <datafield ind1=" " ind2="" tag="852">
            <subfield code="p">37741100022930</subfield>
            <subfield code="a">Library</subfield>
            <subfield code="b">John Beekman Tran Li</subfield>
            <subfield code="x">COPYID:203</subfield>
            <subfield code="x">FSC@aRegular@c19991101</subfield>
            <subfield code="h">226.6077 W722a 1985</subfield>
            <subfield code="z">11636</subfield>
        </datafield>
    </record>