
    <record>
        <leader>01038cam a22002771  4500</leader>
        <controlfield tag="008">790405s1959    miu      b    00000 eng  </controlfield>
        <datafield ind1=" " ind2="" tag="010">
            <subfield code="a">   59008752 //r83</subfield>
        </datafield>
        <datafield ind1=" " ind2="" tag="020">
            <subfield code="a">0802814042</subfield>
        </datafield>
        <datafield ind1=" " ind2="" tag="040">
            <subfield code="a">DLC</subfield>
            <subfield code="c">DLC</subfield>
            <subfield code="d">DLC</subfield>
            <subfield code="d">TxDaGIAL</subfield>
        </datafield>
        <datafield ind1="0" ind2=" " tag="050">
            <subfield code="a">BS2625.3</subfield>
            <subfield code="b">.B55</subfield>
        </datafield>
        <datafield ind1=" " ind2="" tag="082">
            <subfield code="a">226.607</subfield>
        </datafield>
        <datafield ind1="1" ind2="0" tag="100">
            <subfield code="a">Blaiklock, E. M.</subfield>
        </datafield>
        <datafield ind1="1" ind2="4" tag="245">
            <subfield code="a">The Acts of the Apostles :</subfield>
            <subfield code="b">an historical commentary.</subfield>
        </datafield>
        <datafield ind1=" " ind2="" tag="250">
            <subfield code="a">[1st ed.].</subfield>
        </datafield>
        <datafield ind1="0" ind2=" " tag="260">
            <subfield code="a">Grand Rapids, Mich. :</subfield>
            <subfield code="b">Eerdmans,</subfield>
            <subfield code="c">1977, 1971, c1959.</subfield>
        </datafield>
        <datafield ind1=" " ind2="" tag="300">
            <subfield code="a">197 p. ;</subfield>
            <subfield code="c">21 cm.</subfield>
        </datafield>
        <datafield ind1="0" ind2=" " tag="490">
            <subfield code="a">The Tyndale New Testament commentaries</subfield>
        </datafield>
        <datafield ind1=" " ind2="" tag="504">
            <subfield code="a">Includes bibliographical references.</subfield>
        </datafield>
        <datafield ind1="0" ind2="0" tag="630">
            <subfield code="a">Bible.</subfield>
            <subfield code="p">N.T.</subfield>
            <subfield code="p">Acts</subfield>
            <subfield code="v">Commentaries.</subfield>
        </datafield>
        <datafield ind1=" " ind2="" tag="035">
            <subfield code="a">(TxDaGIAL)37741100001994</subfield>
        </datafield>
        <controlfield tag="005">20080624154332.0</controlfield>
        <controlfield tag="001">190</controlfield>
        <controlfield tag="003">TxDaGIAL</controlfield>
        <datafield ind1=" " ind2="" tag="852">
            <subfield code="p">37741100001994</subfield>
            <subfield code="a">Library</subfield>
            <subfield code="x">COPYID:204</subfield>
            <subfield code="x">FSC@aRegular@c19950306</subfield>
            <subfield code="h">226.607 B634a 1959</subfield>
            <subfield code="z">1975</subfield>
        </datafield>
        <datafield ind1=" " ind2="" tag="852">
            <subfield code="p">37741100001995</subfield>
            <subfield code="a">Library</subfield>
            <subfield code="x">COPYID:205</subfield>
            <subfield code="x">FSC@aRegular@c19950306</subfield>
            <subfield code="h">226.607 B634a 1959</subfield>
            <subfield code="z">6545</subfield>
        </datafield>
        <datafield ind1=" " ind2="" tag="852">
            <subfield code="p">37741100001996</subfield>
            <subfield code="a">Library</subfield>
            <subfield code="x">COPYID:206</subfield>
            <subfield code="x">FSC@aRegular@c19950306</subfield>
            <subfield code="h">226.607 B634a 1959</subfield>
            <subfield code="z">6899</subfield>
        </datafield>
    </record>