
    <record>
        <leader>01070cam a2200265   4500</leader>
        <controlfield tag="008">711126s1971    pau      b    00100 eng  </controlfield>
        <datafield ind1=" " ind2="" tag="010">
            <subfield code="a">   78161218 //r90</subfield>
        </datafield>
        <datafield ind1=" " ind2="" tag="020">
            <subfield code="a">066420919X</subfield>
        </datafield>
        <datafield ind1=" " ind2="" tag="040">
            <subfield code="a">DLC</subfield>
            <subfield code="c">DLC</subfield>
            <subfield code="d">DLC</subfield>
        </datafield>
        <datafield ind1="1" ind2=" " tag="041">
            <subfield code="a">engger</subfield>
        </datafield>
        <datafield ind1="0" ind2="0" tag="050">
            <subfield code="a">BS2625.3</subfield>
            <subfield code="b">.H313</subfield>
        </datafield>
        <datafield ind1="0" ind2="0" tag="082">
            <subfield code="a">226/.6/077</subfield>
        </datafield>
        <datafield ind1="1" ind2="0" tag="100">
            <subfield code="a">Haenchen, Ernst,</subfield>
            <subfield code="d">1894-</subfield>
        </datafield>
        <datafield ind1="1" ind2="4" tag="245">
            <subfield code="a">The Acts of the Apostles :</subfield>
            <subfield code="b">a commentary /</subfield>
            <subfield code="c">[Translated by Bernard Noble and Gerald Shinn, under the supervision of Hugh Anderson, and with the translation rev. and brought up to date by R. McL. Wilson].</subfield>
        </datafield>
        <datafield ind1="0" ind2=" " tag="260">
            <subfield code="a">Philadelphia :</subfield>
            <subfield code="b">Westminster Press,</subfield>
            <subfield code="c">[1971]</subfield>
        </datafield>
        <datafield ind1=" " ind2="" tag="300">
            <subfield code="a">xxiii, 737 p. ;</subfield>
            <subfield code="c">24 cm.</subfield>
        </datafield>
        <datafield ind1=" " ind2="" tag="500">
            <subfield code="a">Translation of 14th ed. of Die Apostelgeschichte.</subfield>
        </datafield>
        <datafield ind1=" " ind2="" tag="504">
            <subfield code="a">Includes bibliographical references and indexes.</subfield>
        </datafield>
        <datafield ind1="0" ind2="0" tag="630">
            <subfield code="a">Bible.</subfield>
            <subfield code="p">N.T.</subfield>
            <subfield code="p">Acts</subfield>
            <subfield code="v">Commentaries.</subfield>
        </datafield>
        <datafield ind1="0" ind2="1" tag="730">
            <subfield code="a">Bible.</subfield>
            <subfield code="p">N.T.</subfield>
            <subfield code="p">Acts.</subfield>
            <subfield code="l">English.</subfield>
        </datafield>
        <datafield ind1=" " ind2="" tag="035">
            <subfield code="a">(TxDaGIAL)37741100002010</subfield>
        </datafield>
        <controlfield tag="005">20080624154332.0</controlfield>
        <controlfield tag="001">191</controlfield>
        <controlfield tag="003">TxDaGIAL</controlfield>
        <datafield ind1=" " ind2="" tag="852">
            <subfield code="p">37741100002010</subfield>
            <subfield code="a">Library</subfield>
            <subfield code="b">John Beekman Tran Li</subfield>
            <subfield code="x">COPYID:207</subfield>
            <subfield code="x">FSC@aRegular@c19950306</subfield>
            <subfield code="h">226.6077 H135a 1971</subfield>
            <subfield code="z">8825</subfield>
        </datafield>
    </record>