
    <record>
        <leader>00871cam a2200253Ii 4500</leader>
        <controlfield tag="008">781215r19781908miu           00110 eng d</controlfield>
        <datafield ind1=" " ind2="" tag="010">
            <subfield code="z"> 40406402&#305;&#784;&#321;</subfield>
        </datafield>
        <datafield ind1=" " ind2="" tag="020">
            <subfield code="a">0801076668</subfield>
            <subfield code="b">pbk :</subfield>
            <subfield code="c">$8.95</subfield>
        </datafield>
        <datafield ind1=" " ind2="" tag="035">
            <subfield code="a">(CU-UC)1508217</subfield>
        </datafield>
        <datafield ind1=" " ind2="" tag="040">
            <subfield code="a">MAL</subfield>
            <subfield code="c">MAL</subfield>
            <subfield code="d">CU-Riv</subfield>
        </datafield>
        <datafield ind1="1" ind2="0" tag="100">
            <subfield code="a">Rackham, Richard Belward,</subfield>
            <subfield code="d">1863-1912.</subfield>
        </datafield>
        <datafield ind1="1" ind2="4" tag="245">
            <subfield code="a">The Acts of the apostles :</subfield>
            <subfield code="b">an exposition /</subfield>
            <subfield code="c">by Richard Belward Rackham.</subfield>
        </datafield>
        <datafield ind1="0" ind2=" " tag="260">
            <subfield code="a">Grand Rapids :</subfield>
            <subfield code="b">Baker Book House,</subfield>
            <subfield code="c">1978.</subfield>
        </datafield>
        <datafield ind1=" " ind2="" tag="300">
            <subfield code="a">cxv, 524 p. ;</subfield>
            <subfield code="c">22 cm.</subfield>
        </datafield>
        <datafield ind1="0" ind2=" " tag="490">
            <subfield code="a">Westminster commentaries</subfield>
        </datafield>
        <datafield ind1=" " ind2="0" tag="440">
            <subfield code="a">Twin brooks series</subfield>
        </datafield>
        <datafield ind1=" " ind2="" tag="500">
            <subfield code="a">Reprint of the 4th ed., published in 1908.</subfield>
        </datafield>
        <datafield ind1=" " ind2="" tag="546">
            <subfield code="a">English.</subfield>
        </datafield>
        <datafield ind1="0" ind2="0" tag="630">
            <subfield code="a">Bible.</subfield>
            <subfield code="p">N.T.</subfield>
            <subfield code="p">Acts</subfield>
            <subfield code="v">Commentaries.</subfield>
        </datafield>
        <datafield ind1=" " ind2="" tag="035">
            <subfield code="a">(TxDaGIAL)37741100018178</subfield>
        </datafield>
        <controlfield tag="005">20080624154332.0</controlfield>
        <controlfield tag="001">192</controlfield>
        <controlfield tag="003">TxDaGIAL</controlfield>
        <datafield ind1=" " ind2="" tag="852">
            <subfield code="p">37741100018178</subfield>
            <subfield code="a">Library</subfield>
            <subfield code="x">COPYID:208</subfield>
            <subfield code="x">FSC@aRegular@c19970522</subfield>
            <subfield code="h">226.6077 R122a 1978</subfield>
            <subfield code="z">9540</subfield>
        </datafield>
    </record>