
    <record>
        <leader>01037cam a2200253   4500</leader>
        <controlfield tag="008">730510r19731959miu      b    00010 eng  </controlfield>
        <datafield ind1=" " ind2="" tag="010">
            <subfield code="a">   73160588 //r852</subfield>
        </datafield>
        <datafield ind1=" " ind2="" tag="040">
            <subfield code="a">DLC</subfield>
            <subfield code="c">DLC</subfield>
            <subfield code="d">DLC</subfield>
            <subfield code="d">TxDaGIAL</subfield>
        </datafield>
        <datafield ind1="0" ind2=" " tag="050">
            <subfield code="a">BS2625.3</subfield>
            <subfield code="b">.C33</subfield>
        </datafield>
        <datafield ind1=" " ind2="" tag="082">
            <subfield code="a">226/.6/07</subfield>
        </datafield>
        <datafield ind1="1" ind2="0" tag="100">
            <subfield code="a">Carter, Charles W.</subfield>
            <subfield code="q">(Charles Webb),</subfield>
            <subfield code="d">1905-</subfield>
        </datafield>
        <datafield ind1="1" ind2="4" tag="245">
            <subfield code="a">The Acts of the Apostles /</subfield>
            <subfield code="c">by Charles W. Carter and Ralph Earle.</subfield>
        </datafield>
        <datafield ind1="0" ind2=" " tag="260">
            <subfield code="a">Grand Rapids, Mich. :</subfield>
            <subfield code="b">Zondervan Pub. House,</subfield>
            <subfield code="c">c1973.</subfield>
        </datafield>
        <datafield ind1=" " ind2="" tag="300">
            <subfield code="a">435 p. :</subfield>
            <subfield code="b">map ;</subfield>
            <subfield code="c">23 cm.</subfield>
        </datafield>
        <datafield ind1=" " ind2="" tag="500">
            <subfield code="a">Published in 1959 as a vol. in the Evangelical Bible Commentary series and now republished with new introductory matter and updated bibliography  -- pref.</subfield>
        </datafield>
        <datafield ind1=" " ind2="" tag="504">
            <subfield code="a">Bibliography: p. 427-434.</subfield>
        </datafield>
        <datafield ind1="0" ind2="0" tag="630">
            <subfield code="a">Bible.</subfield>
            <subfield code="p">N.T.</subfield>
            <subfield code="p">Acts</subfield>
            <subfield code="v">Commentaries.</subfield>
        </datafield>
        <datafield ind1="1" ind2="0" tag="700">
            <subfield code="a">Earle, Ralph.</subfield>
        </datafield>
        <datafield ind1="0" ind2="1" tag="730">
            <subfield code="a">Bible.</subfield>
            <subfield code="p">N.T.</subfield>
            <subfield code="p">Acts.</subfield>
            <subfield code="l">English.</subfield>
            <subfield code="s">American standard.</subfield>
            <subfield code="f">1959.</subfield>
        </datafield>
        <datafield ind1=" " ind2="" tag="035">
            <subfield code="a">(TxDaGIAL)37741100002003</subfield>
        </datafield>
        <controlfield tag="005">20080624154332.0</controlfield>
        <controlfield tag="001">193</controlfield>
        <controlfield tag="003">TxDaGIAL</controlfield>
        <datafield ind1=" " ind2="" tag="852">
            <subfield code="p">37741100002003</subfield>
            <subfield code="a">Library</subfield>
            <subfield code="x">COPYID:209</subfield>
            <subfield code="x">FSC@aRegular@c19950306</subfield>
            <subfield code="h">226.6077 C323a 1973</subfield>
            <subfield code="z">9268</subfield>
        </datafield>
    </record>