
    <record>
        <leader>00700nam a2200205Ia 4500</leader>
        <controlfield tag="008">870515s1931    nyu           00010 eng d</controlfield>
        <datafield ind1=" " ind2="" tag="035">
            <subfield code="a">(CU-UC)4721180</subfield>
        </datafield>
        <datafield ind1=" " ind2="" tag="040">
            <subfield code="a">MOQ</subfield>
            <subfield code="c">MOQ</subfield>
            <subfield code="d">m/c</subfield>
            <subfield code="d">CUS</subfield>
        </datafield>
        <datafield ind1="1" ind2="0" tag="100">
            <subfield code="a">Foakes-Jackson, F. J.</subfield>
            <subfield code="q">(Frederick John),</subfield>
            <subfield code="d">1855-1941.</subfield>
        </datafield>
        <datafield ind1="1" ind2="4" tag="245">
            <subfield code="a">The Acts of the Apostles /</subfield>
            <subfield code="c">by F.J. Foakes-Jackson.</subfield>
        </datafield>
        <datafield ind1="0" ind2=" " tag="260">
            <subfield code="a">New York :</subfield>
            <subfield code="b">Harper,</subfield>
            <subfield code="c">[1931]</subfield>
        </datafield>
        <datafield ind1=" " ind2="" tag="300">
            <subfield code="a">xx, 236 p. ;</subfield>
            <subfield code="c">22 cm.</subfield>
        </datafield>
        <datafield ind1=" " ind2="4" tag="440">
            <subfield code="a">The Moffatt New Testament commentary</subfield>
        </datafield>
        <datafield ind1=" " ind2="" tag="546">
            <subfield code="a">English.</subfield>
        </datafield>
        <datafield ind1="0" ind2="0" tag="630">
            <subfield code="a">Bible.</subfield>
            <subfield code="p">N.T.</subfield>
            <subfield code="p">Acts</subfield>
            <subfield code="v">Commentaries.</subfield>
        </datafield>
        <datafield ind1=" " ind2="" tag="035">
            <subfield code="a">(TxDaGIAL)37741100017400</subfield>
        </datafield>
        <controlfield tag="005">20080624154332.0</controlfield>
        <controlfield tag="001">194</controlfield>
        <controlfield tag="003">TxDaGIAL</controlfield>
        <datafield ind1=" " ind2="" tag="852">
            <subfield code="p">37741100017400</subfield>
            <subfield code="a">Library</subfield>
            <subfield code="x">COPYID:210</subfield>
            <subfield code="x">FSC@aRegular@c19970508</subfield>
            <subfield code="h">226.6077 F649a 1931</subfield>
            <subfield code="z">344</subfield>
        </datafield>
    </record>