
    <record>
        <leader>01052cam a22002651  4500</leader>
        <controlfield tag="008">711012s1966    enk      b    00000 eng  </controlfield>
        <datafield ind1=" " ind2="" tag="010">
            <subfield code="a">   66013639 //r85</subfield>
        </datafield>
        <datafield ind1=" " ind2="" tag="015">
            <subfield code="a">B66-12797</subfield>
        </datafield>
        <datafield ind1=" " ind2="" tag="040">
            <subfield code="a">DLC</subfield>
            <subfield code="c">DLC</subfield>
            <subfield code="d">DLC</subfield>
            <subfield code="d">TxDaGIAL</subfield>
        </datafield>
        <datafield ind1="0" ind2=" " tag="050">
            <subfield code="a">BS2625.3</subfield>
            <subfield code="b">.P3</subfield>
        </datafield>
        <datafield ind1=" " ind2="" tag="082">
            <subfield code="a">226.67</subfield>
        </datafield>
        <datafield ind1="0" ind2="0" tag="130">
            <subfield code="a">Bible.</subfield>
            <subfield code="p">N.T.</subfield>
            <subfield code="p">Acts.</subfield>
            <subfield code="l">English.</subfield>
            <subfield code="f">1966.</subfield>
            <subfield code="s">New English.</subfield>
        </datafield>
        <datafield ind1="1" ind2="0" tag="245">
            <subfield code="a">Acts of the Apostles :</subfield>
            <subfield code="b">commentary /</subfield>
            <subfield code="c">by J.W. Packer.</subfield>
        </datafield>
        <datafield ind1="0" ind2=" " tag="260">
            <subfield code="a">London :</subfield>
            <subfield code="b">Cambridge University Press,</subfield>
            <subfield code="c">1966.</subfield>
        </datafield>
        <datafield ind1=" " ind2="" tag="300">
            <subfield code="a">x, 233 p. :</subfield>
            <subfield code="b">maps, plans, tables, diagrs. ;</subfield>
            <subfield code="c">21 cm.</subfield>
        </datafield>
        <datafield ind1=" " ind2="0" tag="440">
            <subfield code="a">Cambridge Bible commentary on the New English Bible</subfield>
        </datafield>
        <datafield ind1=" " ind2="" tag="504">
            <subfield code="a">Bibliography: p. 227-228.</subfield>
        </datafield>
        <datafield ind1="0" ind2="0" tag="630">
            <subfield code="a">Bible.</subfield>
            <subfield code="p">N.T.</subfield>
            <subfield code="p">Acts</subfield>
            <subfield code="v">Commentaries.</subfield>
        </datafield>
        <datafield ind1="1" ind2="0" tag="700">
            <subfield code="a">Packer, John William.</subfield>
        </datafield>
        <datafield ind1=" " ind2="" tag="035">
            <subfield code="a">(TxDaGIAL)37741100002019</subfield>
        </datafield>
        <controlfield tag="005">20080624154333.0</controlfield>
        <controlfield tag="001">195</controlfield>
        <controlfield tag="003">TxDaGIAL</controlfield>
        <datafield ind1=" " ind2="" tag="852">
            <subfield code="p">37741100002019</subfield>
            <subfield code="a">Library</subfield>
            <subfield code="b">John Beekman Tran Li</subfield>
            <subfield code="x">COPYID:211</subfield>
            <subfield code="x">FSC@aRegular@c19950306</subfield>
            <subfield code="h">226.6077 P119a 1966</subfield>
            <subfield code="z">484</subfield>
        </datafield>
        <datafield ind1=" " ind2="" tag="852">
            <subfield code="p">37741100002020</subfield>
            <subfield code="a">Library</subfield>
            <subfield code="b">John Beekman Tran Li</subfield>
            <subfield code="x">COPYID:212</subfield>
            <subfield code="x">FSC@aRegular@c19950306</subfield>
            <subfield code="h">226.6077 P119a 1966</subfield>
            <subfield code="z">6987</subfield>
        </datafield>
    </record>