
    <record>
        <leader>01844cam a2200325   4500</leader>
        <controlfield tag="008">731003m19799999miu      b    00000 eng  </controlfield>
        <datafield ind1=" " ind2="" tag="020">
            <subfield code="a">0801050847 (set) :</subfield>
            <subfield code="c">$49.50</subfield>
        </datafield>
        <datafield ind1=" " ind2="" tag="040">
            <subfield code="a">DLC</subfield>
            <subfield code="c">DLC</subfield>
            <subfield code="d">DLC</subfield>
            <subfield code="d">TxDaGIAL</subfield>
        </datafield>
        <datafield ind1="1" ind2=" " tag="050">
            <subfield code="a">BS2625</subfield>
        </datafield>
        <datafield ind1=" " ind2="" tag="082">
            <subfield code="a">226.6066</subfield>
        </datafield>
        <datafield ind1="0" ind2="0" tag="130">
            <subfield code="a">Bible.</subfield>
            <subfield code="p">N.T.</subfield>
            <subfield code="p">Acts.</subfield>
            <subfield code="l">Greek.</subfield>
            <subfield code="f">1966.</subfield>
        </datafield>
        <datafield ind1="1" ind2="4" tag="245">
            <subfield code="a">The Acts of the Apostles /</subfield>
            <subfield code="c">edited by F.J. Foakes Jackson and Kirsopp Lake.</subfield>
        </datafield>
        <datafield ind1="0" ind2=" " tag="260">
            <subfield code="a">Grand Rapids :</subfield>
            <subfield code="b">Baker Book House,</subfield>
            <subfield code="c">1979.</subfield>
        </datafield>
        <datafield ind1=" " ind2="" tag="300">
            <subfield code="a">5 v. :</subfield>
            <subfield code="b">facsims., geneal. table, map. ;</subfield>
            <subfield code="c">22 cm.</subfield>
        </datafield>
        <datafield ind1="0" ind2=" " tag="490">
            <subfield code="a">The Beginnings of Christianity, pt. 1</subfield>
        </datafield>
        <datafield ind1=" " ind2="" tag="504">
            <subfield code="a">Bibliographical references and indexes.</subfield>
        </datafield>
        <datafield ind1="1" ind2=" " tag="505">
            <subfield code="a">Contents : v. 1. Prolegomena I: The Jewish, Gentile, and Christian backgrounds--v.2. Prolegomena II: Criticism--v. 3. The text of Acts--v. 4. English translation and commentary--v. 5. Additional notes to the commentary, edited by K. Lake and H.J. Cadbury.</subfield>
        </datafield>
        <datafield ind1="0" ind2="0" tag="630">
            <subfield code="a">Bible.</subfield>
            <subfield code="p">N.T.</subfield>
            <subfield code="p">Acts</subfield>
            <subfield code="v">Commentaries.</subfield>
        </datafield>
        <datafield ind1="1" ind2="0" tag="700">
            <subfield code="a">Foakes-Jackson, F. J.</subfield>
            <subfield code="q">(Frederick John),</subfield>
            <subfield code="d">1855-1941,</subfield>
            <subfield code="e">ed.</subfield>
        </datafield>
        <datafield ind1="1" ind2="0" tag="700">
            <subfield code="a">Lake, Kirsopp,</subfield>
            <subfield code="d">1872-1946,</subfield>
            <subfield code="e">ed.</subfield>
        </datafield>
        <datafield ind1="1" ind2="0" tag="700">
            <subfield code="a">Cadbury, Henry Joel,</subfield>
            <subfield code="d">1883-</subfield>
            <subfield code="e">ed.</subfield>
        </datafield>
        <datafield ind1=" " ind2="" tag="035">
            <subfield code="a">(TxDaGIAL)37741100002005</subfield>
        </datafield>
        <controlfield tag="005">20080624154333.0</controlfield>
        <controlfield tag="001">196</controlfield>
        <controlfield tag="003">TxDaGIAL</controlfield>
        <datafield ind1=" " ind2="" tag="852">
            <subfield code="p">37741100002005</subfield>
            <subfield code="a">Library</subfield>
            <subfield code="b">John Beekman Tran Li</subfield>
            <subfield code="x">COPYID:213</subfield>
            <subfield code="x">FSC@aRegular@c19950306</subfield>
            <subfield code="h">226.6077 F649a vol. 1 1979</subfield>
            <subfield code="z">7497</subfield>
        </datafield>
        <datafield ind1=" " ind2="" tag="852">
            <subfield code="p">37741100002006</subfield>
            <subfield code="a">Library</subfield>
            <subfield code="b">John Beekman Tran Li</subfield>
            <subfield code="x">COPYID:214</subfield>
            <subfield code="x">FSC@aRegular@c19950306</subfield>
            <subfield code="h">226.6077 F649a vol. 2 1979</subfield>
            <subfield code="z">7498</subfield>
        </datafield>
        <datafield ind1=" " ind2="" tag="852">
            <subfield code="p">37741100002007</subfield>
            <subfield code="a">Library</subfield>
            <subfield code="b">John Beekman Tran Li</subfield>
            <subfield code="x">COPYID:215</subfield>
            <subfield code="x">FSC@aRegular@c19950306</subfield>
            <subfield code="h">226.6077 F649a vol. 3 1979</subfield>
            <subfield code="z">7499</subfield>
        </datafield>
        <datafield ind1=" " ind2="" tag="852">
            <subfield code="p">37741100002008</subfield>
            <subfield code="a">Library</subfield>
            <subfield code="b">John Beekman Tran Li</subfield>
            <subfield code="x">COPYID:216</subfield>
            <subfield code="x">FSC@aRegular@c19950306</subfield>
            <subfield code="h">226.6077 F649a vol. 4 1979</subfield>
            <subfield code="z">9417</subfield>
        </datafield>
        <datafield ind1=" " ind2="" tag="852">
            <subfield code="p">37741100002009</subfield>
            <subfield code="a">Library</subfield>
            <subfield code="b">John Beekman Tran Li</subfield>
            <subfield code="x">COPYID:217</subfield>
            <subfield code="x">FSC@aRegular@c19950306</subfield>
            <subfield code="h">226.6077 F649a vol. 5 1979</subfield>
            <subfield code="z">7500</subfield>
        </datafield>
    </record>