
    <record>
        <leader>00975cam a2200241 i 4500</leader>
        <controlfield tag="008">800206r19801870miu           00010 eng  </controlfield>
        <datafield ind1=" " ind2="" tag="010">
            <subfield code="a">   79002543 //r83</subfield>
        </datafield>
        <datafield ind1=" " ind2="" tag="020">
            <subfield code="a">0825438101 :</subfield>
            <subfield code="c">$12.95</subfield>
        </datafield>
        <datafield ind1=" " ind2="" tag="040">
            <subfield code="a">DLC</subfield>
            <subfield code="c">DLC</subfield>
            <subfield code="d">DLC</subfield>
        </datafield>
        <datafield ind1="0" ind2=" " tag="050">
            <subfield code="a">BS2625</subfield>
            <subfield code="b">.T43 1980</subfield>
        </datafield>
        <datafield ind1=" " ind2="" tag="082">
            <subfield code="a">226/.607</subfield>
        </datafield>
        <datafield ind1="1" ind2="0" tag="100">
            <subfield code="a">Thomas, David,</subfield>
            <subfield code="d">1813-1894.</subfield>
        </datafield>
        <datafield ind1="1" ind2="0" tag="240">
            <subfield code="a">Homiletic commentary on the Acts of the Apostles.</subfield>
        </datafield>
        <datafield ind1="1" ind2="0" tag="245">
            <subfield code="a">Acts of the Apostles :</subfield>
            <subfield code="b">expository and homiletical commentary /</subfield>
            <subfield code="c">by David Thomas.</subfield>
        </datafield>
        <datafield ind1="0" ind2=" " tag="260">
            <subfield code="a">Grands Rapids, Mich. :</subfield>
            <subfield code="b">Kregel Publications,</subfield>
            <subfield code="c">1980.</subfield>
        </datafield>
        <datafield ind1=" " ind2="" tag="300">
            <subfield code="a">xiii, 493 p. ;</subfield>
            <subfield code="c">23 cm.</subfield>
        </datafield>
        <datafield ind1=" " ind2="" tag="500">
            <subfield code="a">Reprint of the 1870 ed. published by R. D. Dickinson, London, under title: Homiletic commentary on the Acts of the Apostles.</subfield>
        </datafield>
        <datafield ind1="0" ind2="0" tag="630">
            <subfield code="a">Bible.</subfield>
            <subfield code="p">N.T.</subfield>
            <subfield code="p">Acts</subfield>
            <subfield code="v">Commentaries.</subfield>
        </datafield>
        <datafield ind1=" " ind2="" tag="035">
            <subfield code="a">(TxDaGIAL)37741100002021</subfield>
        </datafield>
        <controlfield tag="005">20080624154333.0</controlfield>
        <controlfield tag="001">197</controlfield>
        <controlfield tag="003">TxDaGIAL</controlfield>
        <datafield ind1=" " ind2="" tag="852">
            <subfield code="p">37741100002021</subfield>
            <subfield code="a">Library</subfield>
            <subfield code="b">John Beekman Tran Li</subfield>
            <subfield code="x">COPYID:218</subfield>
            <subfield code="x">FSC@aRegular@c19950306</subfield>
            <subfield code="h">226.607 T455a 1980</subfield>
            <subfield code="z">7493</subfield>
        </datafield>
    </record>