
    <record>
        <leader>01074cam a2200265 i 4500</leader>
        <controlfield tag="008">760623s1955    pau           00010 eng  </controlfield>
        <datafield ind1=" " ind2="" tag="010">
            <subfield code="a">57-6030</subfield>
        </datafield>
        <datafield ind1=" " ind2="" tag="040">
            <subfield code="a">DLC</subfield>
            <subfield code="c">DLC</subfield>
            <subfield code="d">DLC</subfield>
            <subfield code="d">TxDaGIAL</subfield>
        </datafield>
        <datafield ind1="0" ind2="0" tag="050">
            <subfield code="a">BS2623</subfield>
            <subfield code="b">.B37 1976</subfield>
        </datafield>
        <datafield ind1="0" ind2="0" tag="082">
            <subfield code="a">226/.6/077</subfield>
        </datafield>
        <datafield ind1="0" ind2="0" tag="130">
            <subfield code="a">Bible.</subfield>
            <subfield code="p">N.T.</subfield>
            <subfield code="p">Acts.</subfield>
            <subfield code="l">English.</subfield>
            <subfield code="f">1976.</subfield>
            <subfield code="s">Barclay.</subfield>
        </datafield>
        <datafield ind1="1" ind2="4" tag="245">
            <subfield code="a">The Acts of the Apostles /</subfield>
            <subfield code="c">translated with an introduction and interpretation by William Barclay.</subfield>
        </datafield>
        <datafield ind1=" " ind2="" tag="250">
            <subfield code="a">2nd ed.</subfield>
        </datafield>
        <datafield ind1="0" ind2=" " tag="260">
            <subfield code="a">Philadelphia :</subfield>
            <subfield code="b">Westminster Press,</subfield>
            <subfield code="c">c1955.</subfield>
        </datafield>
        <datafield ind1=" " ind2="" tag="300">
            <subfield code="a">xix, 213 p. ;</subfield>
            <subfield code="c">18 cm.</subfield>
        </datafield>
        <datafield ind1="1" ind2=" " tag="490">
            <subfield code="a">The Daily study Bible series</subfield>
        </datafield>
        <datafield ind1="0" ind2="0" tag="630">
            <subfield code="a">Bible.</subfield>
            <subfield code="p">N.T.</subfield>
            <subfield code="p">Acts</subfield>
            <subfield code="v">Commentaries.</subfield>
        </datafield>
        <datafield ind1=" " ind2="0" tag="830">
            <subfield code="a">Daily study Bible series (Westminster Press)</subfield>
        </datafield>
        <datafield ind1=" " ind2="" tag="035">
            <subfield code="a">(TxDaGIAL)37741100001989</subfield>
        </datafield>
        <controlfield tag="005">20080624154334.0</controlfield>
        <controlfield tag="001">199</controlfield>
        <controlfield tag="003">TxDaGIAL</controlfield>
        <datafield ind1=" " ind2="" tag="852">
            <subfield code="p">37741100001989</subfield>
            <subfield code="a">Library</subfield>
            <subfield code="x">COPYID:220</subfield>
            <subfield code="x">FSC@aRegular@c19950306</subfield>
            <subfield code="h">226.6077 B244a 1955</subfield>
            <subfield code="z">409</subfield>
        </datafield>
        <datafield ind1=" " ind2="" tag="852">
            <subfield code="p">37741100001990</subfield>
            <subfield code="a">Library</subfield>
            <subfield code="x">COPYID:221</subfield>
            <subfield code="x">FSC@aRegular@c19950306</subfield>
            <subfield code="h">226.6077 B244a 1955</subfield>
            <subfield code="z">1905</subfield>
        </datafield>
        <datafield ind1=" " ind2="" tag="852">
            <subfield code="p">37741100001991</subfield>
            <subfield code="a">Library</subfield>
            <subfield code="x">COPYID:222</subfield>
            <subfield code="x">FSC@aRegular@c19950306</subfield>
            <subfield code="h">226.6077 B244a 1955</subfield>
            <subfield code="z">6989</subfield>
        </datafield>
    </record>