
    <record>
        <leader>01191nam a2200265 a 4500</leader>
        <controlfield tag="008">910812s1884    stkabj        00110 eng d</controlfield>
        <datafield ind1=" " ind2="" tag="035">
            <subfield code="a">(CU-UC)8958979</subfield>
        </datafield>
        <datafield ind1=" " ind2="" tag="040">
            <subfield code="a">ATLA</subfield>
            <subfield code="c">ATLA</subfield>
            <subfield code="d">CStRLIN</subfield>
            <subfield code="d">TxDaGIAL</subfield>
        </datafield>
        <datafield ind1="1" ind2=" " tag="100">
            <subfield code="a">Lindsay, Thomas M.</subfield>
            <subfield code="q">(Thomas Martin),</subfield>
            <subfield code="d">1843-1914.</subfield>
        </datafield>
        <datafield ind1="1" ind2="4" tag="245">
            <subfield code="a">The Acts of the Apostles :</subfield>
            <subfield code="b">with introduction, notes, and maps /</subfield>
            <subfield code="c">by Thomas M. Lindsay.</subfield>
        </datafield>
        <datafield ind1="0" ind2=" " tag="260">
            <subfield code="a">Edinburgh :</subfield>
            <subfield code="b">T. &amp; T. Clark,</subfield>
            <subfield code="c">[1884-85?]</subfield>
        </datafield>
        <datafield ind1=" " ind2="" tag="300">
            <subfield code="a">2 v. :</subfield>
            <subfield code="b">ill., geneal. table, maps ;</subfield>
            <subfield code="c">19 cm.</subfield>
        </datafield>
        <datafield ind1="1" ind2=" " tag="490">
            <subfield code="a">Handbooks for Bible classes and private students</subfield>
        </datafield>
        <datafield ind1=" " ind2="" tag="500">
            <subfield code="a">Includes indexes.</subfield>
        </datafield>
        <datafield ind1=" " ind2="" tag="500">
            <subfield code="a">Available as (ATLA monograph preservation program ; ATLA fiche 1987-1131)</subfield>
        </datafield>
        <datafield ind1=" " ind2="" tag="546">
            <subfield code="a">English.</subfield>
        </datafield>
        <datafield ind1="0" ind2="0" tag="630">
            <subfield code="a">Bible.</subfield>
            <subfield code="p">N.T.</subfield>
            <subfield code="p">Acts</subfield>
            <subfield code="v">Commentaries.</subfield>
        </datafield>
        <datafield ind1="0" ind2="1" tag="730">
            <subfield code="a">Bible.</subfield>
            <subfield code="p">N.T.</subfield>
            <subfield code="p">Acts.</subfield>
            <subfield code="l">English.</subfield>
            <subfield code="f">1884.</subfield>
        </datafield>
        <datafield ind1=" " ind2="0" tag="830">
            <subfield code="a">Handbooks for Bible classes and private students.</subfield>
        </datafield>
        <datafield ind1=" " ind2="" tag="035">
            <subfield code="a">(TxDaGIAL)37741100017405</subfield>
        </datafield>
        <controlfield tag="005">20080624154334.0</controlfield>
        <controlfield tag="001">200</controlfield>
        <controlfield tag="003">TxDaGIAL</controlfield>
        <datafield ind1=" " ind2="" tag="852">
            <subfield code="p">37741100017405</subfield>
            <subfield code="a">Library</subfield>
            <subfield code="b">John Beekman Tran Li</subfield>
            <subfield code="x">COPYID:223</subfield>
            <subfield code="x">FSC@aRegular@c19970508</subfield>
            <subfield code="h">226.6077 L749 vol.1 1884</subfield>
            <subfield code="z">7495</subfield>
        </datafield>
        <datafield ind1=" " ind2="" tag="852">
            <subfield code="p">37741100017406</subfield>
            <subfield code="a">Library</subfield>
            <subfield code="b">John Beekman Tran Li</subfield>
            <subfield code="x">COPYID:224</subfield>
            <subfield code="x">FSC@aRegular@c19970508</subfield>
            <subfield code="h">226.6077 L749 vol.2 1885</subfield>
            <subfield code="z">7496</subfield>
        </datafield>
    </record>
</collection>